<?xml version="1.0" encoding="UTF-8"?>
<!DOCTYPE html PUBLIC "-//W3C//DTD XHTML 1.0 Transitional//EN"
    "http://www.w3.org/TR/xhtml1/DTD/xhtml1-transitional.dtd">
<html xmlns="http://www.w3.org/1999/xhtml" xml:lang="en" lang="en">
 <head>
  <title>
</title>
<meta http-equiv="Content-Type" content="text/html;charset=utf-8" />
  <meta name='ocr-system' content='tesseract 3.04.00' />
  <meta name='ocr-capabilities' content='ocr_page ocr_carea ocr_par ocr_line ocrx_word'/>
</head>
<body>
  <div class='ocr_page' id='page_1' title='image "./vitasjoannisnepo00balb_0113.png"; bbox 0 0 2180 2833; ppageno 0'>
   <div class='ocr_carea' id='block_1_1' title="bbox 555 139 1922 227">
    <p class='ocr_par' dir='ltr' id='par_1_1' title="bbox 555 139 1922 227">
     <span class='ocr_line' id='line_1_1' title="bbox 555 139 1922 227; baseline -0.005 -18"><span class='ocrx_word' id='word_1_1' title='bbox 555 147 695 209; x_wconf 74' lang='lat' dir='ltr'>Vitae</span> <span class='ocrx_word' id='word_1_2' title='bbox 717 146 769 206; x_wconf 78' lang='lat' dir='ltr'>S.</span> <span class='ocrx_word' id='word_1_3' title='bbox 781 139 1015 227; x_wconf 59' lang='lat' dir='ltr'>joannis</span> <span class='ocrx_word' id='word_1_4' title='bbox 1038 144 1384 223; x_wconf 79' lang='lat' dir='ltr'>Nepomuceni</span> <span class='ocrx_word' id='word_1_5' title='bbox 1402 146 1499 205; x_wconf 85' lang='lat' dir='ltr'>M.</span> <span class='ocrx_word' id='word_1_6' title='bbox 1845 160 1922 222; x_wconf 85' lang='lat'>39</span> 
     </span>
    </p>
   </div>
   <div class='ocr_carea' id='block_1_2' title="bbox 119 264 1921 1601">
    <p class='ocr_par' dir='ltr' id='par_1_2' title="bbox 125 264 1921 933">
     <span class='ocr_line' id='line_1_2' title="bbox 134 264 1921 339; baseline -0.002 -15"><span class='ocrx_word' id='word_1_7' title='bbox 134 272 359 324; x_wconf 87' lang='lat' dir='ltr'>debuerit</span> <span class='ocrx_word' id='word_1_8' title='bbox 383 309 397 330; x_wconf 94' lang='lat'>,</span> <span class='ocrx_word' id='word_1_9' title='bbox 441 285 493 321; x_wconf 94' lang='lat' dir='ltr'>ut</span> <span class='ocrx_word' id='word_1_10' title='bbox 519 273 598 322; x_wconf 90' lang='lat' dir='ltr'>vel</span> <span class='ocrx_word' id='word_1_11' title='bbox 630 272 757 339; x_wconf 75' lang='lat' dir='ltr'>ligna</span> <span class='ocrx_word' id='word_1_12' title='bbox 783 267 943 322; x_wconf 71' lang='lat' dir='ltr'>cultfis</span> <span class='ocrx_word' id='word_1_13' title='bbox 979 285 1308 322; x_wconf 82' lang='lat' dir='ltr'>amoveantur</span> <span class='ocrx_word' id='word_1_14' title='bbox 1331 309 1346 331; x_wconf 87' lang='lat'>,</span> <span class='ocrx_word' id='word_1_15' title='bbox 1383 272 1461 322; x_wconf 88' lang='lat' dir='ltr'>vel</span> <span class='ocrx_word' id='word_1_16' title='bbox 1501 268 1731 336; x_wconf 89' lang='lat' dir='ltr'>probatio</span> <span class='ocrx_word' id='word_1_17' title='bbox 1763 264 1921 320; x_wconf 70' lang='lat' dir='ltr'>cultfis</span> 
     </span>
     <span class='ocr_line' id='line_1_3' title="bbox 132 347 1918 415; baseline -0.002 -18"><span class='ocrx_word' id='word_1_18' title='bbox 132 351 316 413; x_wconf 84' lang='lat' dir='ltr'>publici</span> <span class='ocrx_word' id='word_1_19' title='bbox 343 349 393 396; x_wconf 85' lang='lat' dir='ltr'>Ei</span> <span class='ocrx_word' id='word_1_20' title='bbox 419 348 480 396; x_wconf 86' lang='lat' dir='ltr'>ab</span> <span class='ocrx_word' id='word_1_21' title='bbox 508 363 637 396; x_wconf 90' lang='lat' dir='ltr'>anno</span> <span class='ocrx_word' id='word_1_22' title='bbox 675 358 824 415; x_wconf 81' lang='lat'>1533.</span> <span class='ocrx_word' id='word_1_23' title='bbox 851 349 1049 397; x_wconf 84' lang='lat' dir='ltr'>exhibiti</span> <span class='ocrx_word' id='word_1_24' title='bbox 1073 348 1439 411; x_wconf 82' lang='lat' dir='ltr'>suscipiatur‚&amp;</span> <span class='ocrx_word' id='word_1_25' title='bbox 1468 348 1584 411; x_wconf 89' lang='lat' dir='ltr'>quia</span> <span class='ocrx_word' id='word_1_26' title='bbox 1610 347 1826 411; x_wconf 84' lang='lat' dir='ltr'>primum</span> <span class='ocrx_word' id='word_1_27' title='bbox 1852 347 1918 394; x_wconf 88' lang='lat' dir='ltr'>ci-</span> 
     </span>
     <span class='ocr_line' id='line_1_4' title="bbox 131 421 1917 487; baseline -0.001 -16"><span class='ocrx_word' id='word_1_28' title='bbox 131 436 202 471; x_wconf 88' lang='lat' dir='ltr'>tra</span> <span class='ocrx_word' id='word_1_29' title='bbox 225 424 391 487; x_wconf 80' lang='lat' dir='ltr'>populi</span> <span class='ocrx_word' id='word_1_30' title='bbox 418 421 744 472; x_wconf 76' lang='lat' dir='ltr'>offensionem</span> <span class='ocrx_word' id='word_1_31' title='bbox 770 424 815 470; x_wconf 78' lang='grc' dir='ltr'>ὅ(</span> <span class='ocrx_word' id='word_1_32' title='bbox 843 423 1124 472; x_wconf 85' lang='lat' dir='ltr'>scandalum</span> <span class='ocrx_word' id='word_1_33' title='bbox 1151 422 1254 472; x_wconf 91' lang='lat' dir='ltr'>fieri</span> <span class='ocrx_word' id='word_1_34' title='bbox 1279 438 1381 472; x_wconf 89' lang='lat' dir='ltr'>non</span> <span class='ocrx_word' id='word_1_35' title='bbox 1408 435 1626 487; x_wconf 88' lang='lat' dir='ltr'>poterat,</span> <span class='ocrx_word' id='word_1_36' title='bbox 1650 423 1765 485; x_wconf 89' lang='lat' dir='ltr'>quia</span> <span class='ocrx_word' id='word_1_37' title='bbox 1789 435 1917 485; x_wconf 90' lang='lat' dir='ltr'>quo·</span> 
     </span>
     <span class='ocr_line' id='line_1_5' title="bbox 131 495 1915 563; baseline -0.001 -17"><span class='ocrx_word' id='word_1_38' title='bbox 131 496 254 547; x_wconf 90' lang='lat' dir='ltr'>tidie</span> <span class='ocrx_word' id='word_1_39' title='bbox 278 498 335 547; x_wconf 85' lang='lat' dir='ltr'>ad</span> <span class='ocrx_word' id='word_1_40' title='bbox 360 499 462 547; x_wconf 90' lang='lat' dir='ltr'>eius</span> <span class='ocrx_word' id='word_1_41' title='bbox 483 498 735 546; x_wconf 87' lang='lat' dir='ltr'>tumulum</span> <span class='ocrx_word' id='word_1_42' title='bbox 761 497 1015 556; x_wconf 85' lang='lat' dir='ltr'>summi‚&amp;</span> <span class='ocrx_word' id='word_1_43' title='bbox 1038 496 1198 547; x_wconf 86' lang='lat' dir='ltr'>infimi</span> <span class='ocrx_word' id='word_1_44' title='bbox 1223 499 1272 546; x_wconf 92' lang='lat' dir='ltr'>in</span> <span class='ocrx_word' id='word_1_45' title='bbox 1298 513 1460 563; x_wconf 79' lang='lat' dir='ltr'>genua</span> <span class='ocrx_word' id='word_1_46' title='bbox 1487 498 1737 561; x_wconf 85' lang='lat' dir='ltr'>provoluti</span> <span class='ocrx_word' id='word_1_47' title='bbox 1760 495 1915 545; x_wconf 87' lang='lat' dir='ltr'>sacros</span> 
     </span>
     <span class='ocr_line' id='line_1_6' title="bbox 129 570 1916 636; baseline -0.001 -15"><span class='ocrx_word' id='word_1_48' title='bbox 129 585 423 627; x_wconf 73' lang='lat' dir='ltr'>veneramur</span> <span class='ocrx_word' id='word_1_49' title='bbox 455 574 641 622; x_wconf 89' lang='lat' dir='ltr'>cineres</span> <span class='ocrx_word' id='word_1_50' title='bbox 663 611 675 631; x_wconf 94' lang='lat'>,</span> <span class='ocrx_word' id='word_1_51' title='bbox 715 573 761 620; x_wconf 71' lang='grc' dir='ltr'>ὂ(</span> <span class='ocrx_word' id='word_1_52' title='bbox 795 571 890 622; x_wconf 84' lang='lat' dir='ltr'>fine</span> <span class='ocrx_word' id='word_1_53' title='bbox 924 587 1141 621; x_wconf 87' lang='lat' dir='ltr'>numero</span> <span class='ocrx_word' id='word_1_54' title='bbox 1175 572 1387 636; x_wconf 82' lang='lat' dir='ltr'>suspensa</span> <span class='ocrx_word' id='word_1_55' title='bbox 1418 573 1730 623; x_wconf 86' lang='lat' dir='ltr'>anathemata</span> <span class='ocrx_word' id='word_1_56' title='bbox 1763 570 1789 619; x_wconf 75' lang='lat' dir='ltr'>a</span> <span class='ocrx_word' id='word_1_57' title='bbox 1825 572 1916 635; x_wconf 87' lang='lat' dir='ltr'>piis</span> 
     </span>
     <span class='ocr_line' id='line_1_7' title="bbox 127 643 1913 711; baseline -0.001 -16"><span class='ocrx_word' id='word_1_58' title='bbox 127 646 395 696; x_wconf 88' lang='lat' dir='ltr'>clientibus</span> <span class='ocrx_word' id='word_1_59' title='bbox 422 648 580 695; x_wconf 87' lang='lat' dir='ltr'>indies</span> <span class='ocrx_word' id='word_1_60' title='bbox 603 659 843 711; x_wconf 81' lang='lat' dir='ltr'>augentur</span> <span class='ocrx_word' id='word_1_61' title='bbox 865 669 878 705; x_wconf 79' lang='lat'>3</span> <span class='ocrx_word' id='word_1_62' title='bbox 919 643 1035 695; x_wconf 78' lang='lat' dir='ltr'>ideo</span> <span class='ocrx_word' id='word_1_63' title='bbox 1059 645 1329 695; x_wconf 89' lang='lat' dir='ltr'>secundum</span> <span class='ocrx_word' id='word_1_64' title='bbox 1360 644 1424 696; x_wconf 78' lang='lat' dir='ltr'>eo</span> <span class='ocrx_word' id='word_1_65' title='bbox 1447 643 1773 697; x_wconf 68' lang='lat' dir='ltr'>confidentius</span> <span class='ocrx_word' id='word_1_66' title='bbox 1797 645 1913 695; x_wconf 77' lang='lat' dir='ltr'>affu-</span> 
     </span>
     <span class='ocr_line' id='line_1_8' title="bbox 128 719 1912 787; baseline 0 -18"><span class='ocrx_word' id='word_1_67' title='bbox 128 722 386 779; x_wconf 89' lang='lat' dir='ltr'>mebatur,</span> <span class='ocrx_word' id='word_1_68' title='bbox 413 720 552 783; x_wconf 76' lang='lat' dir='ltr'>quod</span> <span class='ocrx_word' id='word_1_69' title='bbox 579 722 692 769; x_wconf 90' lang='lat' dir='ltr'>Divi</span> <span class='ocrx_word' id='word_1_70' title='bbox 719 720 868 769; x_wconf 83' lang='lat' dir='ltr'>nostri</span> <span class='ocrx_word' id='word_1_71' title='bbox 892 721 1049 787; x_wconf 79' lang='lat' dir='ltr'>gloria</span> <span class='ocrx_word' id='word_1_72' title='bbox 1073 731 1148 769; x_wconf 92' lang='lat' dir='ltr'>tot</span> <span class='ocrx_word' id='word_1_73' title='bbox 1174 722 1439 775; x_wconf 83' lang='lat' dir='ltr'>miraculis,</span> <span class='ocrx_word' id='word_1_74' title='bbox 1460 721 1688 785; x_wconf 74' lang='lat' dir='ltr'>tantaque</span> <span class='ocrx_word' id='word_1_75' title='bbox 1710 719 1912 770; x_wconf 84' lang='lat' dir='ltr'>vetusta·</span> 
     </span>
     <span class='ocr_line' id='line_1_9' title="bbox 127 792 1907 860; baseline -0.001 -17"><span class='ocrx_word' id='word_1_76' title='bbox 127 805 176 843; x_wconf 89' lang='lat' dir='ltr'>te</span> <span class='ocrx_word' id='word_1_77' title='bbox 203 793 420 850; x_wconf 85' lang='lat' dir='ltr'>stabilita,</span> <span class='ocrx_word' id='word_1_78' title='bbox 440 807 492 843; x_wconf 89' lang='lat' dir='ltr'>ut</span> <span class='ocrx_word' id='word_1_79' title='bbox 517 794 702 843; x_wconf 88' lang='lat' dir='ltr'>nedum</span> <span class='ocrx_word' id='word_1_80' title='bbox 727 806 920 858; x_wconf 87' lang='lat' dir='ltr'>tempus</span> <span class='ocrx_word' id='word_1_81' title='bbox 943 796 1278 845; x_wconf 87' lang='lat' dir='ltr'>centenarium</span> <span class='ocrx_word' id='word_1_82' title='bbox 1301 807 1412 844; x_wconf 86' lang='lat' dir='ltr'>ante</span> <span class='ocrx_word' id='word_1_83' title='bbox 1439 796 1634 844; x_wconf 85' lang='lat' dir='ltr'>Bullam</span> <span class='ocrx_word' id='word_1_84' title='bbox 1660 792 1810 860; x_wconf 75' lang='lat' dir='ltr'>longe</span> <span class='ocrx_word' id='word_1_85' title='bbox 1836 811 1907 844; x_wconf 89' lang='lat' dir='ltr'>ex-</span> 
     </span>
     <span class='ocr_line' id='line_1_10' title="bbox 125 867 1682 933; baseline -0.001 -14"><span class='ocrx_word' id='word_1_86' title='bbox 125 867 297 928; x_wconf 86' lang='lat' dir='ltr'>cedat,</span> <span class='ocrx_word' id='word_1_87' title='bbox 322 868 400 917; x_wconf 89' lang='lat' dir='ltr'>sed</span> <span class='ocrx_word' id='word_1_88' title='bbox 426 869 471 917; x_wconf 87' lang='lat'>&amp;</span> <span class='ocrx_word' id='word_1_89' title='bbox 501 870 659 918; x_wconf 88' lang='lat' dir='ltr'>cultus</span> <span class='ocrx_word' id='word_1_90' title='bbox 683 885 801 918; x_wconf 90' lang='lat' dir='ltr'>cum</span> <span class='ocrx_word' id='word_1_91' title='bbox 828 871 935 929; x_wconf 80' lang='lat' dir='ltr'>Ejus</span> <span class='ocrx_word' id='word_1_92' title='bbox 958 870 1176 932; x_wconf 82' lang='lat' dir='ltr'>glorioso</span> <span class='ocrx_word' id='word_1_93' title='bbox 1201 871 1410 932; x_wconf 88' lang='lat' dir='ltr'>coeperit</span> <span class='ocrx_word' id='word_1_94' title='bbox 1433 870 1682 933; x_wconf 88' lang='lat' dir='ltr'>Martyrio.</span> 
     </span>
    </p>

    <p class='ocr_par' dir='ltr' id='par_1_3' title="bbox 119 939 1917 1601">
     <span class='ocr_line' id='line_1_11' title="bbox 264 939 1914 1009; baseline 0 -19"><span class='ocrx_word' id='word_1_95' title='bbox 264 944 320 991; x_wconf 86' lang='lat' dir='ltr'>Et</span> <span class='ocrx_word' id='word_1_96' title='bbox 351 939 466 992; x_wconf 76' lang='lat' dir='ltr'>licet</span> <span class='ocrx_word' id='word_1_97' title='bbox 496 946 545 993; x_wconf 88' lang='lat' dir='ltr'>in</span> <span class='ocrx_word' id='word_1_98' title='bbox 577 944 887 993; x_wconf 84' lang='lat' dir='ltr'>discutiendis</span> <span class='ocrx_word' id='word_1_99' title='bbox 914 947 1178 1007; x_wconf 85' lang='lat' dir='ltr'>Martyrum</span> <span class='ocrx_word' id='word_1_100' title='bbox 1210 943 1358 993; x_wconf 84' lang='lat' dir='ltr'>caufis</span> <span class='ocrx_word' id='word_1_101' title='bbox 1390 956 1550 993; x_wconf 88' lang='lat' dir='ltr'>tantus</span> <span class='ocrx_word' id='word_1_102' title='bbox 1577 946 1712 1009; x_wconf 83' lang='lat' dir='ltr'>rigor</span> <span class='ocrx_word' id='word_1_103' title='bbox 1734 981 1748 1003; x_wconf 90' lang='lat'><em>‚</em></span> <span class='ocrx_word' id='word_1_104' title='bbox 1782 957 1836 990; x_wconf 85' lang='lat' dir='ltr'>ac</span> <span class='ocrx_word' id='word_1_105' title='bbox 1861 943 1914 990; x_wconf 91' lang='lat' dir='ltr'>in</span> 
     </span>
     <span class='ocr_line' id='line_1_12' title="bbox 123 1016 1917 1082; baseline -0.003 -15"><span class='ocrx_word' id='word_1_106' title='bbox 123 1016 273 1067; x_wconf 87' lang='lat' dir='ltr'>caufis</span> <span class='ocrx_word' id='word_1_107' title='bbox 296 1017 646 1067; x_wconf 78' lang='lat' dir='ltr'>Confefforum</span> <span class='ocrx_word' id='word_1_108' title='bbox 674 1019 842 1066; x_wconf 88' lang='lat' dir='ltr'>haberi</span> <span class='ocrx_word' id='word_1_109' title='bbox 868 1033 971 1065; x_wconf 88' lang='lat' dir='ltr'>non</span> <span class='ocrx_word' id='word_1_110' title='bbox 1000 1018 1178 1076; x_wconf 83' lang='lat' dir='ltr'>soleat,</span> <span class='ocrx_word' id='word_1_111' title='bbox 1204 1016 1268 1067; x_wconf 73' lang='lat' dir='ltr'>eo</span> <span class='ocrx_word' id='word_1_112' title='bbox 1292 1016 1426 1082; x_wconf 79' lang='lat' dir='ltr'>quod</span> <span class='ocrx_word' id='word_1_113' title='bbox 1450 1020 1733 1081; x_wconf 85' lang='lat' dir='ltr'>Martyrium</span> <span class='ocrx_word' id='word_1_114' title='bbox 1760 1016 1917 1067; x_wconf 80' lang='lat' dir='ltr'>confi.</span> 
     </span>
     <span class='ocr_line' id='line_1_13' title="bbox 123 1089 1914 1156; baseline 0 -17"><span class='ocrx_word' id='word_1_115' title='bbox 123 1090 210 1139; x_wconf 86' lang='lat' dir='ltr'>stat</span> <span class='ocrx_word' id='word_1_116' title='bbox 228 1092 279 1139; x_wconf 91' lang='lat' dir='ltr'>in</span> <span class='ocrx_word' id='word_1_117' title='bbox 300 1089 638 1152; x_wconf 62' lang='lat' dir='ltr'>perfectissima</span> <span class='ocrx_word' id='word_1_118' title='bbox 661 1092 914 1148; x_wconf 87' lang='lat' dir='ltr'>charitate,</span> <span class='ocrx_word' id='word_1_119' title='bbox 941 1091 967 1140; x_wconf 72' lang='lat' dir='ltr'>a</span> <span class='ocrx_word' id='word_1_120' title='bbox 992 1107 1091 1155; x_wconf 86' lang='lat' dir='ltr'>qua</span> <span class='ocrx_word' id='word_1_121' title='bbox 1115 1092 1311 1156; x_wconf 60' lang='lat' dir='ltr'>reliquae</span> <span class='ocrx_word' id='word_1_122' title='bbox 1340 1095 1542 1141; x_wconf 85' lang='lat' dir='ltr'>virtutes</span> <span class='ocrx_word' id='word_1_123' title='bbox 1568 1092 1914 1146; x_wconf 86' lang='lat' dir='ltr'>informantur,</span> 
     </span>
     <span class='ocr_line' id='line_1_14' title="bbox 121 1164 1913 1232; baseline 0.001 -19"><span class='ocrx_word' id='word_1_124' title='bbox 121 1165 416 1229; x_wconf 82' lang='lat' dir='ltr'>speciem‚&amp;</span> <span class='ocrx_word' id='word_1_125' title='bbox 439 1164 688 1214; x_wconf 78' lang='lat' dir='ltr'>essentiam</span> <span class='ocrx_word' id='word_1_126' title='bbox 716 1168 993 1230; x_wconf 81' lang='lat' dir='ltr'>accipiunt3</span> <span class='ocrx_word' id='word_1_127' title='bbox 1032 1181 1139 1230; x_wconf 85' lang='lat' dir='ltr'>quae</span> <span class='ocrx_word' id='word_1_128' title='bbox 1165 1179 1382 1216; x_wconf 90' lang='lat' dir='ltr'>mortem</span> <span class='ocrx_word' id='word_1_129' title='bbox 1403 1169 1625 1232; x_wconf 82' lang='lat' dir='ltr'>Martyris</span> <span class='ocrx_word' id='word_1_130' title='bbox 1651 1165 1913 1232; x_wconf 87' lang='lat' dir='ltr'>pretiosam</span> 
     </span>
     <span class='ocr_line' id='line_1_15' title="bbox 122 1240 1911 1306; baseline 0.001 -18"><span class='ocrx_word' id='word_1_131' title='bbox 122 1240 312 1289; x_wconf 90' lang='lat' dir='ltr'>faciunt</span> <span class='ocrx_word' id='word_1_132' title='bbox 334 1243 382 1288; x_wconf 89' lang='lat' dir='ltr'>in</span> <span class='ocrx_word' id='word_1_133' title='bbox 409 1240 669 1304; x_wconf 76' lang='lat' dir='ltr'>conspectu</span> <span class='ocrx_word' id='word_1_134' title='bbox 695 1241 836 1298; x_wconf 86' lang='lat' dir='ltr'><strong>DEI,</strong></span> <span class='ocrx_word' id='word_1_135' title='bbox 874 1253 1091 1290; x_wconf 87' lang='lat' dir='ltr'>attamen</span> <span class='ocrx_word' id='word_1_136' title='bbox 1121 1242 1180 1290; x_wconf 92' lang='lat' dir='ltr'>de</span> <span class='ocrx_word' id='word_1_137' title='bbox 1211 1257 1322 1291; x_wconf 88' lang='lat' dir='ltr'>vera</span> <span class='ocrx_word' id='word_1_138' title='bbox 1349 1243 1566 1306; x_wconf 88' lang='lat' dir='ltr'>Martyrii</span> <span class='ocrx_word' id='word_1_139' title='bbox 1598 1241 1733 1292; x_wconf 82' lang='lat' dir='ltr'>causa</span> <span class='ocrx_word' id='word_1_140' title='bbox 1774 1243 1911 1290; x_wconf 89' lang='lat' dir='ltr'>lucu-</span> 
     </span>
     <span class='ocr_line' id='line_1_16' title="bbox 126 1313 1912 1375; baseline 0.002 -15"><span class='ocrx_word' id='word_1_141' title='bbox 126 1313 314 1372; x_wconf 87' lang='lat' dir='ltr'>lenter,</span> <span class='ocrx_word' id='word_1_142' title='bbox 339 1313 448 1362; x_wconf 81' lang='lat' dir='ltr'>imo</span> <span class='ocrx_word' id='word_1_143' title='bbox 469 1315 513 1360; x_wconf 75' lang='grc' dir='ltr'>ὅ(</span> <span class='ocrx_word' id='word_1_144' title='bbox 541 1316 601 1362; x_wconf 88' lang='lat' dir='ltr'>de</span> <span class='ocrx_word' id='word_1_145' title='bbox 631 1315 877 1363; x_wconf 88' lang='lat' dir='ltr'>miraculis</span> <span class='ocrx_word' id='word_1_146' title='bbox 904 1315 1119 1365; x_wconf 89' lang='lat' dir='ltr'>constare</span> <span class='ocrx_word' id='word_1_147' title='bbox 1145 1316 1322 1375; x_wconf 77' lang='lat' dir='ltr'>debet3</span> <span class='ocrx_word' id='word_1_148' title='bbox 1361 1313 1477 1365; x_wconf 69' lang='lat' dir='ltr'>cum</span> <span class='ocrx_word' id='word_1_149' title='bbox 1504 1319 1641 1366; x_wconf 88' lang='lat' dir='ltr'>enirn</span> <span class='ocrx_word' id='word_1_150' title='bbox 1670 1318 1802 1366; x_wconf 83' lang='lat' dir='ltr'>Deus</span> <span class='ocrx_word' id='word_1_151' title='bbox 1825 1331 1912 1364; x_wconf 89' lang='lat' dir='ltr'>no-</span> 
     </span>
     <span class='ocr_line' id='line_1_17' title="bbox 123 1387 1914 1449; baseline 0.001 -14"><span class='ocrx_word' id='word_1_152' title='bbox 123 1387 181 1436; x_wconf 92' lang='lat' dir='ltr'>lit</span> <span class='ocrx_word' id='word_1_153' title='bbox 206 1403 387 1437; x_wconf 88' lang='lat' dir='ltr'>omnes</span> <span class='ocrx_word' id='word_1_154' title='bbox 415 1389 558 1440; x_wconf 81' lang='lat' dir='ltr'>iustos</span> <span class='ocrx_word' id='word_1_155' title='bbox 584 1389 814 1438; x_wconf 82' lang='lat' dir='ltr'>decorare</span> <span class='ocrx_word' id='word_1_156' title='bbox 838 1390 1034 1439; x_wconf 84' lang='lat' dir='ltr'>honore</span> <span class='ocrx_word' id='word_1_157' title='bbox 1059 1390 1497 1449; x_wconf 86' lang='lat' dir='ltr'>Canouizationis,</span> <span class='ocrx_word' id='word_1_158' title='bbox 1522 1391 1703 1441; x_wconf 73' lang='lat' dir='ltr'>necess’e</span> <span class='ocrx_word' id='word_1_159' title='bbox 1730 1390 1793 1440; x_wconf 82' lang='lat' dir='ltr'>est</span> <span class='ocrx_word' id='word_1_160' title='bbox 1810 1422 1822 1444; x_wconf 82' lang='lat'>‚</span> <span class='ocrx_word' id='word_1_161' title='bbox 1860 1401 1914 1438; x_wconf 90' lang='lat' dir='ltr'>ut</span> 
     </span>
     <span class='ocr_line' id='line_1_18' title="bbox 122 1460 1913 1530; baseline 0.002 -19"><span class='ocrx_word' id='word_1_162' title='bbox 122 1477 178 1511; x_wconf 90' lang='lat' dir='ltr'>ex</span> <span class='ocrx_word' id='word_1_163' title='bbox 209 1460 375 1527; x_wconf 79' lang='lat' dir='ltr'>signis,</span> <span class='ocrx_word' id='word_1_164' title='bbox 402 1465 446 1509; x_wconf 73' lang='grc' dir='ltr'>ὃ(</span> <span class='ocrx_word' id='word_1_165' title='bbox 476 1464 722 1512; x_wconf 86' lang='lat' dir='ltr'>miraculis</span> <span class='ocrx_word' id='word_1_166' title='bbox 747 1478 878 1513; x_wconf 88' lang='lat' dir='ltr'>certa</span> <span class='ocrx_word' id='word_1_167' title='bbox 907 1465 1133 1513; x_wconf 85' lang='lat' dir='ltr'>reddatur</span> <span class='ocrx_word' id='word_1_168' title='bbox 1156 1465 1359 1514; x_wconf 84' lang='lat' dir='ltr'>Ecclesia</span> <span class='ocrx_word' id='word_1_169' title='bbox 1386 1467 1616 1523; x_wconf 85' lang='lat' dir='ltr'>militans,</span> <span class='ocrx_word' id='word_1_170' title='bbox 1638 1481 1763 1530; x_wconf 83' lang='lat' dir='ltr'>quos</span> <span class='ocrx_word' id='word_1_171' title='bbox 1779 1466 1913 1514; x_wconf 89' lang='lat' dir='ltr'>Deus</span> 
     </span>
     <span class='ocr_line' id='line_1_19' title="bbox 119 1537 1827 1601; baseline 0.002 -16"><span class='ocrx_word' id='word_1_172' title='bbox 119 1538 347 1601; x_wconf 71' lang='lat' dir='ltr'>praediCio</span> <span class='ocrx_word' id='word_1_173' title='bbox 369 1537 560 1587; x_wconf 89' lang='lat' dir='ltr'>honore</span> <span class='ocrx_word' id='word_1_174' title='bbox 583 1538 804 1588; x_wconf 90' lang='lat' dir='ltr'>decorari</span> <span class='ocrx_word' id='word_1_175' title='bbox 833 1540 964 1590; x_wconf 88' lang='lat' dir='ltr'>velit.</span> <span class='ocrx_word' id='word_1_176' title='bbox 1039 1540 1153 1589; x_wconf 85' lang='lat' dir='ltr'>Haec</span> <span class='ocrx_word' id='word_1_177' title='bbox 1176 1540 1419 1590; x_wconf 85' lang='lat' dir='ltr'>habentur</span> <span class='ocrx_word' id='word_1_178' title='bbox 1441 1542 1495 1589; x_wconf 89' lang='lat' dir='ltr'>in</span> <span class='ocrx_word' id='word_1_179' title='bbox 1521 1542 1655 1591; x_wconf 67' lang='lat' dir='ltr'>dic‘to</span> <span class='ocrx_word' id='word_1_180' title='bbox 1681 1542 1827 1591; x_wconf 78' lang='lat' dir='ltr'>libro,</span> 
     </span>
    </p>
   </div>
   <div class='ocr_carea' id='block_1_3' title="bbox 438 1689 1590 1779">
    <p class='ocr_par' dir='ltr' id='par_1_4' title="bbox 438 1689 1590 1779">
     <span class='ocr_line' id='line_1_20' title="bbox 438 1689 1590 1779; baseline 0.002 -2"><span class='ocrx_word' id='word_1_181' title='bbox 438 1689 882 1778; x_wconf 88' lang='lat' dir='ltr'>CAPUT</span> <span class='ocrx_word' id='word_1_182' title='bbox 954 1690 1590 1779; x_wconf 87' lang='lat' dir='ltr'><strong>TERTIUM.</strong></span> 
     </span>
    </p>
   </div>
   <div class='ocr_carea' id='block_1_4' title="bbox 114 1832 1911 2030">
    <p class='ocr_par' dir='ltr' id='par_1_5' title="bbox 114 1832 1911 2030">
     <span class='ocr_line' id='line_1_21' title="bbox 114 1832 1911 1962; baseline 0.002 -34"><span class='ocrx_word' id='word_1_183' title='bbox 114 1846 238 1928; x_wconf 87' lang='lat' dir='ltr'>De</span> <span class='ocrx_word' id='word_1_184' title='bbox 277 1846 675 1958; x_wconf 66' lang='lat' dir='ltr'>aelissuper</span> <span class='ocrx_word' id='word_1_185' title='bbox 715 1851 1282 1929; x_wconf 69' lang='lat' dir='ltr'>Canonizatione</span> <span class='ocrx_word' id='word_1_186' title='bbox 1318 1851 1379 1930; x_wconf 76' lang='lat' dir='ltr'>S.</span> <span class='ocrx_word' id='word_1_187' title='bbox 1417 1832 1749 1955; x_wconf 32' lang='lat' dir='ltr'>&#39;joannis</span> <span class='ocrx_word' id='word_1_188' title='bbox 1764 1851 1911 1962; x_wconf 75' lang='lat' dir='ltr'>sub</span> 
     </span>
     <span class='ocr_line' id='line_1_22' title="bbox 802 1963 1219 2030; baseline -0.007 0"><span class='ocrx_word' id='word_1_189' title='bbox 802 1963 1085 2030; x_wconf 80' lang='lat' dir='ltr'>Clemente</span> <span class='ocrx_word' id='word_1_190' title='bbox 1112 1965 1219 2027; x_wconf 79' lang='lat' dir='ltr'>XI.</span> 
     </span>
    </p>
   </div>
   <div class='ocr_carea' id='block_1_5' title="bbox 108 2118 1906 2557">
    <p class='ocr_par' dir='ltr' id='par_1_6' title="bbox 230 2118 1906 2265">
     <span class='ocr_line' id='line_1_23' title="bbox 230 2118 1906 2189; baseline 0.005 -22"><span class='ocrx_word' id='word_1_191' title='bbox 230 2118 348 2168; x_wconf 90' lang='lat' dir='ltr'>Uod</span> <span class='ocrx_word' id='word_1_192' title='bbox 375 2121 543 2182; x_wconf 85' lang='lat' dir='ltr'>itaque</span> <span class='ocrx_word' id='word_1_193' title='bbox 570 2120 759 2170; x_wconf 89' lang='lat' dir='ltr'>bonum</span> <span class='ocrx_word' id='word_1_194' title='bbox 778 2160 790 2179; x_wconf 92' lang='lat'>‚</span> <span class='ocrx_word' id='word_1_195' title='bbox 823 2121 963 2179; x_wconf 82' lang='lat' dir='ltr'>felix,</span> <span class='ocrx_word' id='word_1_196' title='bbox 1006 2120 1213 2170; x_wconf 85' lang='lat' dir='ltr'>faustum</span> <span class='ocrx_word' id='word_1_197' title='bbox 1231 2162 1243 2179; x_wconf 93' lang='lat'>‚</span> <span class='ocrx_word' id='word_1_198' title='bbox 1265 2120 1676 2189; x_wconf 73' lang='lat' dir='ltr'>fortunatt&#39;tmque</span> <span class='ocrx_word' id='word_1_199' title='bbox 1714 2126 1906 2182; x_wconf 84' lang='lat' dir='ltr'>accidit,</span> 
     </span>
     <span class='ocr_line' id='line_1_24' title="bbox 260 2193 1902 2265; baseline 0.005 -24"><span class='ocrx_word' id='word_1_200' title='bbox 260 2193 751 2253; x_wconf 73' lang='lat' dir='ltr'>.Reverendiss‘1mu3‚</span> <span class='ocrx_word' id='word_1_201' title='bbox 776 2197 821 2244; x_wconf 80' lang='grc' dir='ltr'>ὅ(</span> <span class='ocrx_word' id='word_1_202' title='bbox 848 2194 1142 2246; x_wconf 82' lang='lat' dir='ltr'>Celfiffimus</span> <span class='ocrx_word' id='word_1_203' title='bbox 1165 2197 1413 2260; x_wconf 84' lang='lat' dir='ltr'>Princeps,</span> <span class='ocrx_word' id='word_1_204' title='bbox 1448 2201 1492 2246; x_wconf 72' lang='grc' dir='ltr'>ὃ(</span> <span class='ocrx_word' id='word_1_205' title='bbox 1521 2202 1667 2249; x_wconf 82' lang='lat' dir='ltr'>Archi</span> <span class='ocrx_word' id='word_1_206' title='bbox 1687 2235 1693 2239; x_wconf 92' lang='lat'><em>-</em></span> <span class='ocrx_word' id='word_1_207' title='bbox 1715 2202 1902 2265; x_wconf 84' lang='lat' dir='ltr'>Episco-</span> 
     </span>
    </p>

    <p class='ocr_par' dir='ltr' id='par_1_7' title="bbox 108 2267 1905 2557">
     <span class='ocr_line' id='line_1_25' title="bbox 111 2267 1905 2339; baseline 0.004 -20"><span class='ocrx_word' id='word_1_208' title='bbox 111 2284 203 2334; x_wconf 89' lang='lat' dir='ltr'>pus</span> <span class='ocrx_word' id='word_1_209' title='bbox 227 2268 468 2333; x_wconf 76' lang='lat' dir='ltr'>Prageniis</span> <span class='ocrx_word' id='word_1_210' title='bbox 497 2270 819 2320; x_wconf 76' lang='lat' dir='ltr'>ferdinandus</span> <span class='ocrx_word' id='word_1_211' title='bbox 845 2267 872 2319; x_wconf 81' lang='grc' dir='ltr'>ὲ</span> <span class='ocrx_word' id='word_1_212' title='bbox 897 2271 1187 2322; x_wconf 89' lang='lat' dir='ltr'>Comitibus</span> <span class='ocrx_word' id='word_1_213' title='bbox 1218 2271 1277 2321; x_wconf 89' lang='lat' dir='ltr'>dc</span> <span class='ocrx_word' id='word_1_214' title='bbox 1308 2273 1568 2339; x_wconf 79' lang='lat' dir='ltr'>Kynburg,</span> <span class='ocrx_word' id='word_1_215' title='bbox 1601 2291 1720 2325; x_wconf 85' lang='lat' dir='ltr'>mox</span> <span class='ocrx_word' id='word_1_216' title='bbox 1744 2273 1795 2324; x_wconf 70' lang='lat' dir='ltr'>ut</span> <span class='ocrx_word' id='word_1_217' title='bbox 1819 2277 1905 2326; x_wconf 82' lang='lat' dir='ltr'>La-</span> 
     </span>
     <span class='ocr_line' id='line_1_26' title="bbox 111 2343 1904 2415; baseline 0.004 -22"><span class='ocrx_word' id='word_1_218' title='bbox 111 2343 370 2394; x_wconf 85' lang='lat' dir='ltr'>bacensem</span> <span class='ocrx_word' id='word_1_219' title='bbox 399 2359 514 2393; x_wconf 89' lang='lat' dir='ltr'>cum</span> <span class='ocrx_word' id='word_1_220' title='bbox 541 2344 749 2409; x_wconf 80' lang='lat' dir='ltr'>Pragena</span> <span class='ocrx_word' id='word_1_221' title='bbox 779 2348 974 2395; x_wconf 86' lang='lat' dir='ltr'>mitram</span> <span class='ocrx_word' id='word_1_222' title='bbox 999 2352 1331 2397; x_wconf 62' lang='lat' dir='ltr'>commutarat</span> <span class='ocrx_word' id='word_1_223' title='bbox 1353 2380 1366 2401; x_wconf 84' lang='lat'><strong><em>,</em></strong></span> <span class='ocrx_word' id='word_1_224' title='bbox 1407 2349 1715 2415; x_wconf 76' lang='lat' dir='ltr'>Caelarea&#39;que</span> <span class='ocrx_word' id='word_1_225' title='bbox 1741 2353 1799 2400; x_wconf 84' lang='lat' dir='ltr'>ad</span> <span class='ocrx_word' id='word_1_226' title='bbox 1824 2367 1904 2400; x_wconf 87' lang='lat' dir='ltr'>au-</span> 
     </span>
     <span class='ocr_line' id='line_1_27' title="bbox 109 2417 1901 2488; baseline 0.003 -19"><span class='ocrx_word' id='word_1_227' title='bbox 109 2419 210 2469; x_wconf 88' lang='lat' dir='ltr'>lam</span> <span class='ocrx_word' id='word_1_228' title='bbox 241 2417 510 2467; x_wconf 72' lang='lat' dir='ltr'>Lusitanarn</span> <span class='ocrx_word' id='word_1_229' title='bbox 545 2418 787 2484; x_wconf 83' lang='lat' dir='ltr'>legatione</span> <span class='ocrx_word' id='word_1_230' title='bbox 812 2420 1070 2470; x_wconf 58' lang='lat' dir='ltr'>defunctus</span> <span class='ocrx_word' id='word_1_231' title='bbox 1100 2419 1281 2480; x_wconf 69' lang='lat' dir='ltr'>fuisset,</span> <span class='ocrx_word' id='word_1_232' title='bbox 1320 2423 1379 2471; x_wconf 87' lang='lat' dir='ltr'>ad</span> <span class='ocrx_word' id='word_1_233' title='bbox 1409 2424 1482 2477; x_wconf 87' lang='lat' dir='ltr'>id,</span> <span class='ocrx_word' id='word_1_234' title='bbox 1513 2428 1649 2488; x_wconf 87' lang='lat' dir='ltr'>quod</span> <span class='ocrx_word' id='word_1_235' title='bbox 1681 2425 1901 2475; x_wconf 78' lang='lat' dir='ltr'>Deceffo-</span> 
     </span>
     <span class='ocr_line' id='line_1_28' title="bbox 108 2493 1898 2557; baseline 0.003 -15"><span class='ocrx_word' id='word_1_236' title='bbox 108 2494 239 2542; x_wconf 86' lang='lat' dir='ltr'>ribus</span> <span class='ocrx_word' id='word_1_237' title='bbox 257 2530 269 2549; x_wconf 94' lang='lat'>‚</span> <span class='ocrx_word' id='word_1_238' title='bbox 305 2493 440 2556; x_wconf 86' lang='lat' dir='ltr'>supra</span> <span class='ocrx_word' id='word_1_239' title='bbox 466 2494 601 2543; x_wconf 52' lang='lat' dir='ltr'>ductis</span> <span class='ocrx_word' id='word_1_240' title='bbox 627 2496 685 2545; x_wconf 90' lang='lat' dir='ltr'>de</span> <span class='ocrx_word' id='word_1_241' title='bbox 708 2495 857 2545; x_wconf 79' lang='lat' dir='ltr'>caulis</span> <span class='ocrx_word' id='word_1_242' title='bbox 884 2512 984 2544; x_wconf 91' lang='lat' dir='ltr'>non</span> <span class='ocrx_word' id='word_1_243' title='bbox 1013 2496 1244 2552; x_wconf 89' lang='lat' dir='ltr'>licuerat,</span> <span class='ocrx_word' id='word_1_244' title='bbox 1278 2500 1500 2556; x_wconf 84' lang='lat' dir='ltr'>animos,</span> <span class='ocrx_word' id='word_1_245' title='bbox 1539 2515 1745 2549; x_wconf 84' lang='lat' dir='ltr'>conatus</span> <span class='ocrx_word' id='word_1_246' title='bbox 1768 2539 1778 2557; x_wconf 93' lang='lat'>‚</span> <span class='ocrx_word' id='word_1_247' title='bbox 1814 2516 1898 2548; x_wconf 88' lang='lat' dir='ltr'>cu-</span> 
     </span>
    </p>
   </div>
   <div class='ocr_carea' id='block_1_6' title="bbox 117 2566 1904 2699">
    <p class='ocr_par' dir='ltr' id='par_1_8' title="bbox 117 2566 1904 2699">
     <span class='ocr_line' id='line_1_29' title="bbox 117 2566 1904 2639; baseline 0.003 -22"><span class='ocrx_word' id='word_1_248' title='bbox 117 2566 292 2634; x_wconf 72' lang='lat' dir='ltr'>rasque</span> <span class='ocrx_word' id='word_1_249' title='bbox 314 2582 494 2619; x_wconf 88' lang='lat' dir='ltr'>omnes</span> <span class='ocrx_word' id='word_1_250' title='bbox 518 2570 720 2631; x_wconf 77' lang='lat' dir='ltr'>adjecit,</span> <span class='ocrx_word' id='word_1_251' title='bbox 746 2571 927 2637; x_wconf 86' lang='lat' dir='ltr'>quibus</span> <span class='ocrx_word' id='word_1_252' title='bbox 953 2586 1068 2622; x_wconf 85' lang='lat' dir='ltr'>cum</span> <span class='ocrx_word' id='word_1_253' title='bbox 1094 2571 1337 2622; x_wconf 80' lang='lat' dir='ltr'>Austriaca</span> <span class='ocrx_word' id='word_1_254' title='bbox 1361 2573 1692 2639; x_wconf 84' lang='lat' dir='ltr'>Regnantium</span> <span class='ocrx_word' id='word_1_255' title='bbox 1721 2575 1904 2638; x_wconf 79' lang='lat' dir='ltr'>praeser-</span> 
     </span>
     <span class='ocr_line' id='line_1_30' title="bbox 1735 2663 1826 2699; baseline 0.022 -1"><span class='ocrx_word' id='word_1_256' title='bbox 1735 2663 1826 2699; x_wconf 80' lang='lat' dir='ltr'>tim</span> 
     </span>
    </p>
   </div>
  </div>
 </body>
</html>
