2180 2833
659 142 945 219 Presbyteri
980 143 1047 210 ἐς
1072 147 1353 225 Alartyris.
1819 177 1853 220 2
1859 176 1892 238 3

110 260 299 326 egisset,
320 272 476 313 cetera
502 264 794 317 idololatriae
819 269 1118 332 Catholicae,
1138 286 1190 323 ut
1213 274 1293 338 ipfi
1320 276 1591 341 appellant,
1612 286 1895 336 monimen-

109 349 156 384 ta
178 335 451 398 perlustrat,
472 354 633 404 neque
660 344 822 392 multo
842 345 944 408 post
969 350 1160 413 templo
1181 353 1442 414 egreditur.
1519 354 1570 402 In
1595 357 1697 419 ipso
1720 362 1893 426 templi

104 410 283 459 limine
305 409 520 463 famulus
536 415 772 466 anhelans
794 434 910 468 cum
937 423 1049 472 tristi
1072 426 1249 473 nuntio
1273 428 1480 476 accurrit
1502 430 1559 478 ad
1576 431 1890 496 Dominum3

104 481 285 543 filiurn,
301 500 453 549 quem
477 489 747 555 Raupovva
770 493 980 545 habebat
1000 500 1202 548 unicum
1218 538 1230 559 ,
1252 501 1349 551 hoc
1375 518 1642 555 momento
1667 509 1890 574 inopina-

106 554 155 605 te
189 558 443 623 exspirasse.
517 566 770 616 Nimirum
799 570 981 624 eodem
1010 577 1245 635 temporis
1272 577 1478 626 articulo
1503 579 1637 630 Deus
1663 598 1888 635 contern-

103 645 245 695 ptum
263 633 380 684 servi
402 636 471 686 sui
486 640 528 687 S.
544 637 743 701 Ioannis
768 657 931 694 morte
946 649 1078 696 unici
1102 647 1192 697 filii
1215 651 1491 702 vindicavit.
1571 655 1746 708 Discite
1762 659 1888 717 justi.

100 707 220 754 tiam
248 707 428 759 moniti
454 713 501 759 δὲ
525 728 628 762 nou
653 728 877 767 temnere
903 719 1076 770 Divos.
1163 724 1330 787 Atque
1357 728 1545 777 utinam
1573 730 1705 781 hunc
1731 731 1885 785 finem

97 779 343 840 vindiciae,
379 782 540 835 divina
573 788 808 840 habuiffet
840 794 908 842 ira
934 808 944 842 ε
991 795 1194 847 Constat
1216 800 1344 847 inter
1366 814 1573 862 omnes,
1603 806 1704 869 post
1729 823 1886 860 annos

97 853 340 917 plurimos
354 858 676 924 Raupovvam
701 865 983 918 haereticum
1009 871 1171 922 astum
1195 874 1245 922 in
1272 874 1459 924 rabiem
1476 913 1489 935 ‚
1510 878 1629 928 dum
1651 880 1884 934 homines

97 926 259 978 11τίἃο
279 929 411 982 ferro
429 934 716 1000 insectatur,
738 939 909 992 misere
930 944 1237 996 Litomericii
1263 949 1460 1011 periiffe.
1536 953 1612 1003 De
1634 954 1725 1006 hac
1746 958 1880 1008 Rau-

95 1016 264 1065 povvae
285 1004 510 1059 scelerata
526 1016 831 1076 temeritate,
857 1033 921 1066 ne
944 1019 1107 1070 dicam
1135 1022 1317 1088 (τιθεὶς,
1348 1020 1508 1089 deque
1534 1043 1681 1092 poena
1701 1034 1881 1098 irroga-

96 1088 170 1134 ta,
202 1077 267 1126 est
299 1081 425 1130 inter
455 1099 628 1136 manus
662 1104 800 1139 meas
825 1092 1120 1146 Testificatio
1152 1096 1381 1162 legitime
1407 1102 1657 1163 confecta,
1689 1109 1881 1158 annulo

90 1149 287 1202 familiae
310 1154 625 1210 illustrissimae
647 1161 854 1228 signata,
872 1167 1203 1235 chirographo
1221 1171 1435 1233 firmata,
1458 1192 1606 1241 quam
1630 1180 1878 1234 Illustriffi.

91 1240 205 1276 mus
223 1228 411 1280 Comes
424 1233 950 1290 ZdenkoWratislavv
979 1245 1039 1292 de
1052 1245 1342 1304 Mitrovicz,
1381 1250 1679 1313 Vilemovii‚
1720 1260 1877 1307 Zero-

89 1300 197 1349 tinii
214 1302 477 1363 Dominus,
490 1309 534 1354 &
548 1310 781 1361 Slanenfis
803 1310 1037 1366 districtus
1050 1319 1316 1380 PraefestuS,
1329 1339 1460 1374 anno
1474 1327 1874 1384 MDCXLVHL

88 1373 306 1425 confecit
331 1392 346 1427 ε
397 1382 481 1443 qui
505 1383 551 1430 ὅ(
578 1382 885 1437 familiariter
909 1390 1231 1455 Raupovvam
1259 1398 1470 1458 novisse,
1503 1403 1550 1451 &
1577 1405 1675 1454 haec
1699 1409 1873 1459 omnia

83 1445 169 1496 fibi
193 1449 412 1501 constare
434 1469 518 1517 per
541 1459 695 1508 animi
720 1459 787 1510 sui
810 1464 1163 1517 conscientiam
1187 1469 1398 1522 testatur.

273 1535 359 1574 26.
400 1529 568 1580 Venio
598 1547 732 1584 nunc
764 1537 824 1588 ad
850 1541 1149 1592 narrandum
1187 1548 1475 1611 exemplum
1501 1587 1516 1608 ,
1563 1567 1669 1616 quo
1693 1553 1869 1607 tristius

81 1595 140 1646 ad
165 1597 208 1647 S.
230 1598 433 1667 Joannis
458 1607 714 1658 tumulum
740 1612 916 1662 accidit
937 1616 1154 1668 nullum..
1232 1620 1309 1671 Ac
1330 1622 1496 1673 nescio
1519 1624 1627 1676 sane
1652 1631 1776 1692 quid
1805 1632 1865 1681 il-

78 1670 164 1720 lud
190 1673 281 1723 effe
302 1690 559 1742 oporteat,
593 1684 733 1746 quod
753 1696 895 1736 tanto
918 1688 1108 1756 semper
1132 1692 1259 1744 odio
1290 1697 1340 1746 in
1364 1698 1413 1748 S.
1431 1700 1634 1768 Joannis
1663 1719 1861 1755 memo·

78 1747 200 1795 riam
227 1748 562 1814 &sepulcrum
589 1754 1043 1816 haereticiferantur.
1120 1769 1174 1818 In
1199 1769 1315 1826 illo,
1343 1772 1406 1823 de
1429 1790 1535 1839 quo
1560 1778 1715 1826 modo
1729 1780 1858 1831 dixe·

76 1834 181 1870 ram
195 1857 209 1882 ‚
237 1821 582 1879 haereticorum
606 1832 655 1880 in
675 1833 913 1888 Bohemia
933 1854 1117 1906 regnos
1137 1843 1238 1908 post
1262 1860 1447 1898 annum
1475 1850 1546 1900 M.
1562 1852 1668 1902 DC.
1683 1854 1858 1916 XV111,

75 1890 192 1945 cum
215 1896 490 1953 calviniani
513 1904 755 1972 Pragenfis
776 1910 992 1963 Ecclefiae
1016 1916 1406 1983 Metropolitanae
1427 1924 1723 1984 dimidium,
1748 1946 1854 1995 par-

73 1979 175 2019 tem
201 1970 382 2025 scilicet
399 1977 722 2041 posteriorem
740 2022 755 2044 ,
780 1989 1124 2053 occupassent,
1161 1994 1340 2060 suaque
1362 2000 1562 2062 profana
1587 2003 1632 2050 ὅ(
1660 2006 1853 2056 umbra-

72 2043 147 2092 tili
160 2044 322 2097 Coena
344 2056 773 2118 contaminaffent3
811 2062 1058 2114 habebant
1080 2067 1148 2117 illi
1173 2066 1270 2118 fine
1296 2071 1553 2138 dubioprae
1569 2077 1726 2127 oculis
1751 2080 1850 2130 san-

0 2176 2 2181 ?
72 2117 268 2170 Ctorum
289 2122 614 2180 Patronorum
640 2134 771 2193 Viti,
790 2136 1094 2202 Sigismundi
1113 2179 1128 2201 ‚
1158 2144 1205 2192 ὅ(
1229 2145 1442 2198 aliorum
1468 2149 1715 2202 Divorum
1740 2169 1847 2205 cor-

67 2206 217 2256 pora,
256 2209 311 2246 ac
337 2196 557 2253 ferebant
580 2205 792 2270 placide3
830 2215 979 2263 unius
1000 2213 1191 2266 tantum
1217 2220 1482 2290 S.Joannis
1497 2226 1846 2290 Nepomuceni

0 2281 3 2313 ῑ
66 2265 313 2321 humilem
339 2278 592 2329 tumulum
612 2283 779 2335 videre
797 2302 902 2337 non
923 2287 1228 2344 sustinebant.
1306 2298 1489 2362 Neque
1509 2300 1668 2351 modo
1691 2317 1846 2355 crates

3 2396 6 2403 ‚
62 2342 192 2394 circa
215 2349 468 2400 tumulum
494 2355 734 2418 evellere,
762 2360 841 2410 sed
867 2362 1024 2428 ipsum
1056 2367 1201 2418 fausti
1226 2370 1449 2437 Martyris
1481 2390 1660 2440 corpus
1691 2377 1844 2444 (faci-

0 2435 7 2482 3
62 2429 154 2467 nus
186 2420 411 2483 profecto
435 2428 582 2479 etiam
606 2433 657 2481 in
682 2448 1006 2503 quocumque
1029 2438 1255 2494 humano
1287 2461 1490 2512 corpore
1515 2452 1775 2517 indiguum
1796 2452 1839 2516 ι)

4 2528 8 2565 J
60 2490 331 2545 exhumare
363 2500 411 2548 ὅτ
437 2503 490 2551 in
524 2518 852 2560 communem
882 2513 1051 2567 locum
1079 2518 1289 2577 abjicere
1322 2521 1596 2575 statuerunt.
1672 2528 1765 2577 Sed
1789 2530 1834 2578 S.

56 2563 272 2634 Joannes
298 2572 472 2629 locum
494 2578 690 2649 egregie
717 2595 900 2640 tutatus
928 2588 1010 2642 est.
1081 2593 1350 2648 Mittuntur
1384 2599 1445 2650 ad
1474 2614 1658 2652 certam
1695 2598 1858 2655 dicm'

1598 2676 1762 2727 valen·
