2180 2833
665 132 951 205 Presbyteri
986 128 1055 197 &
1077 130 1342 208 Alartyris
1836 147 1904 211 19

117 266 179 315 de
212 263 458 332 S.Joanne
484 273 586 309 non
609 258 838 324 leguntur
862 259 1092 322 quidem,
1131 256 1211 307 sed
1234 256 1294 306 de
1323 253 1605 307 sanstiffima
1627 257 1900 311 Trinitate:

116 340 298 391 concio
323 350 490 386 tamen
518 335 577 384 ad
601 334 842 398 populum
867 334 927 382 de
941 334 1198 402 S.Joannis
1221 333 1480 381 virtutibus
1506 332 1727 381 babetur.
1805 337 1900 398 Ap.

117 412 259 481 pensa
282 413 498 462 visuntur
520 409 579 459 ad
605 411 708 468 ejus
734 423 870 457 aram
894 408 1202 458 anathemata
1225 408 1432 472 plutima
1448 445 1461 462 ‚
1491 403 1799 472 fatenturque
1825 410 1900 459 di-

115 486 235 541 verfi
258 490 362 548 ejus
389 486 432 536 se
460 485 649 534 meritis
669 485 796 532 varia
821 481 1058 532 beneficia
1076 484 1264 533 caelitus
1284 481 1567 546 impetrasse.
1642 484 1735 531 Pro
1757 498 1898 534 com·

114 575 261 629 petto
290 561 381 621 est,
419 558 451 609 si
476 560 636 624 campi
663 556 870 607 siccitate
898 558 1153 616 laborent,
1192 557 1543 621 supplicatione
1567 572 1663 607 una
1690 557 1901 609 alterave

116 638 177 689 ad
209 637 336 686 hanc
369 633 621 685 ecclesiam
660 628 859 697 publice
889 633 1032 682 dueta
1058 670 1071 690 ‚
1128 633 1343 697 pluviam
1380 633 1628 695 impetrari
1662 633 1900 683 celeriter.

114 713 298 763 Cantio
330 710 551 774 quaedam
589 705 854 772 pervetusta
890 708 951 756 de
979 708 1022 756 S.
1045 708 1238 775 Joanne
1275 721 1358 770 per
1382 707 1502 755 hanc
1538 709 1770 756 viciniam
1808 711 1901 759 cir-

112 784 416 838 cumfertur,
455 797 606 846 quam
631 782 767 847 plebs
790 780 960 831 rustica
984 781 1270 830 modulatur
1295 780 1532 841 libenter,
1557 782 1793 849 S.Joanni
1821 798 1902 847 pc·

112 860 263 911 cudes
284 858 386 908 suas
410 858 455 906 ὅ(
478 859 698 918 jumenta
720 869 882 907 cetera
902 858 1257 907 commendare
1282 855 1444 911 solita,
1485 852 1736 920 opemque
1764 860 1905 910 senti-

114 951 183 985 re.
260 936 314 984 In
335 931 487 999 peste,
523 948 630 997 quae
645 931 940 982 Bohetniam
965 947 1096 982 anuo
1123 930 1310 981 MDC.
1324 930 1489 978 XLIX.
1521 943 1775 995 pervagata
1801 948 1904 998 gra.

115 1005 304 1059 viffime
338 1007 534 1064 afflixit,
572 1021 778 1062 omnes,
806 1008 899 1071 qui
932 1006 1028 1057 sese
1051 1006 1338 1072 Nepomuci
1362 1005 1408 1056 S.
1432 1006 1615 1075 Joanni
1640 1020 1904 1058 commen-

113 1082 310 1139 darant,
347 1083 569 1148 periculo
593 1082 702 1132 sunt
726 1083 899 1147 erepti.

306 1172 393 1207 21.
432 1158 592 1223 Pragae
614 1172 821 1222 quoque
844 1158 890 1207 S.
913 1157 1121 1227 Joannis
1146 1155 1399 1216 tumulus,
1435 1168 1488 1207 ut
1521 1168 1635 1207 ante
1659 1156 1903 1220 dixeram,

116 1235 167 1284 in
192 1232 391 1283 summo
414 1231 626 1282 habetur
650 1233 868 1283 honore:
900 1233 945 1280 δε
970 1234 1199 1295 quamvis
1222 1234 1438 1296 imperiti
1463 1233 1670 1297 quidam
1694 1234 1809 1284 &in
1829 1250 1903 1285 re-

116 1309 309 1373 ligione
335 1304 552 1356 nimium
576 1308 706 1355 cauti
731 1301 1020 1369 timidique,
1058 1306 1201 1370 ipsius
1224 1306 1476 1371 religionis
1500 1319 1726 1371 praetextu
1741 1339 1755 1363 ‚
1793 1309 1844 1358 in
1859 1310 1903 1360 S.

116 1381 327 1448 Joannis
351 1382 667 1430 veneratione
689 1381 959 1429 obturbare
983 1381 1171 1440 aliquid
1199 1378 1426 1428 tentarint
1451 1404 1463 1439 3
1505 1380 1712 1445 populus
1737 1395 1906 1435 tamen

114 1446 364 1512 ceterique
384 1463 565 1497 omnes
588 1449 648 1497 de
670 1448 933 1498 constantia
955 1449 1080 1507 justae
1102 1453 1291 1515 pietatis
1315 1453 1559 1504 dimoveri
1589 1471 1690 1505 non
1718 1460 1906 1521 potuit,

116 1520 358 1588 rediitque
381 1522 572 1586 semper
595 1523 673 1572 sua
698 1524 744 1573 S.
766 1525 951 1593 Joanni
976 1525 1159 1589 gloria,
1198 1528 1440 1592 quidquid
1469 1543 1593 1579 unus
1618 1532 1663 1578 ὅ(
1696 1533 1817 1583 alter
1843 1534 1906 1583 ti·

118 1600 244 1651 midi
268 1610 580 1648 conarentur.
655 1598 730 1647 Dc
755 1600 1001 1656 ejusmodi
1026 1599 1208 1650 vetusta
1235 1603 1476 1668 religione
1499 1606 1546 1653 ὅ(
1569 1606 1709 1656 cultu
1735 1608 1906 1658 Beato-

109 1689 228 1724 turn
255 1675 488 1735 antiquo,
523 1668 713 1734 optime
727 1674 844 1721 dixit
868 1673 1321 1735 vireruditiffimuS,
1355 1678 1402 1725 ὅ(
1429 1680 1478 1726 in
1503 1679 1643 1745 gestis
1660 1681 1902 1734 Divorum

117 1746 447 1797 describendis
470 1747 517 1793 ὅ(
543 1746 826 1796 illustrandis
852 1746 1269 1812 diligentiffimus‚
1309 1746 1576 1818 rert'tmque
1601 1752 1796 1806 istarum
1824 1772 1903 1822 pe-

110 1820 390 1874 ritissimus,
423 1820 725 1872 Godefridus
752 1822 1080 1873 Henschenius
1107 1845 1117 1873 :
1171 1826 1491 1877 Venerationi
1518 1830 1762 1880 Divorum
1781 1863 1794 1886 ,
1832 1834 1904 1882 in-

117 1897 261 1961 quit,
308 1894 336 1944 a
361 1907 585 1958 tempore
618 1899 916 1946 memoriam
955 1898 1099 1946 unius
1136 1897 1287 1948 saeculi
1321 1903 1591 1954 excedente
1615 1942 1628 1964 ‚
1673 1906 1905 1958 Urbanus

120 1971 247 2022 V111.
280 1972 420 2038 Pont.
448 1970 694 2020 Maximus
726 1971 849 2020 nihil
876 1971 1034 2020 voluit
1059 1971 1382 2038 derogatum,
1419 1975 1525 2041 quo
1548 1977 1710 2029 minus
1736 1996 1904 2047 perpe-

124 2056 208 2092 tua
231 2044 461 2108 deinceps
487 2044 612 2093 effet.
688 2048 797 2116 Jam
821 2047 1084 2115 S.Joannis
1109 2048 1244 2097 cultu
1271 2050 1332 2099 ab
1351 2054 1641 2115 antiquitate
1664 2057 1902 2118 probato,

200 2118 260 2167 ad
276 2118 535 2179 miracula,
558 2120 732 2176 adeius
756 2123 938 2172 sacrum
968 2121 1217 2171 tumulum
1243 2138 1449 2186 patrata,
1470 2126 1707 2178 faciamus
1722 2144 1839 2194 gra-·

353 2192 497 2242 dum:
530 2192 668 2244 fimut
693 2198 813 2246 illud
842 2196 1045 2259 patebit,
1069 2196 1217 2260 quam
1237 2196 1415 2249 merito
1428 2212 1589 2253 tantus
1602 2205 1674 2254 ei·

607 2269 723 2322 dem
750 2272 776 2322 a
788 2271 975 2340 populo
995 2271 1153 2323 cultus
1167 2273 1416 2326 habeatur.

1051 2658 1100 2713 c
1137 2677 1171 2711 2
1719 2622 1902 2711 CA-
