2180 2833
596 125 721 185 Vitae
741 124 783 184 S
802 119 1035 205 joannis
1058 123 1402 200 Nepomuceni
1422 125 1516 188 M.
1863 145 1937 206 45

307 247 573 319 Respondit:
611 251 794 303 Audivi
818 250 916 302 hoc
941 251 965 302 a
994 252 1118 302 meis
1147 252 1415 314 Maioribus
1433 290 1447 314 ‚
1472 252 1519 301 δε
1542 252 1691 303 etiam
1716 250 1742 301 a
1767 254 1941 306 multis

159 327 266 378 aliis
287 326 383 376 fide
408 328 585 390 dignis.

391 401 469 449 Ad
499 409 583 459 65.
662 398 667 402 ’

299 472 533 544 Respondit
558 494 574 521 .·
623 471 885 525 Νειηὲιηιηῐ
907 475 1072 540 plura,
1097 477 1144 524 ὅ(
1168 475 1293 525 mihi
1316 476 1504 541 metipsi
1530 477 1740 542 contigit
1766 499 1775 527 :
1817 477 1938 528 dum

158 552 296 601 enirn
327 552 519 600 circiter
542 561 652 599 ante
684 553 766 603 28.
791 565 944 599 annos
977 551 1026 599 in
1057 550 1229 599 florida
1258 564 1395 600 :etate
1430 568 1540 601 mea
1573 552 1858 602 constitutus
1889 554 1939 602 in

154 624 358 675 Ecclesia
380 625 423 673 S.
441 625 732 674 W'enceslai
757 627 808 673 in
836 636 1009 674 monte
1036 624 1192 673 Profik
1217 622 1367 689 prope
1393 626 1595 690 Pragam
1623 628 1822 676 statuam
1850 627 1940 676 hu-

155 701 232 760 jus
251 700 410 748 Sancti
440 696 577 746 valde
601 700 810 757 ruditer,
834 700 880 747 <Sc
906 699 965 748 ad
991 698 1138 747 risum
1165 714 1523 748 commovente
1547 700 1694 765 figura
1723 702 1940 751 elabora-

156 785 261 821 tam
284 770 629 835 conspexissem
648 809 661 829 ‚
682 774 727 820 ὃ(
755 789 852 837 ego
876 775 1006 823 Viris
1031 771 1290 822 honoratis
1314 774 1435 822 mihi
1464 774 1773 823 assidentibus
1793 814 1804 833 ‚
1839 791 1941 824 non

155 847 253 897 fine
279 847 369 896 risu
394 847 531 895 illarn
552 845 888 906 ostendissem3
933 846 1046 896 senfi
1074 844 1364 897 immediate
1392 846 1666 898 remorsum
1692 849 1938 898 conscien-

158 923 235 971 tiae
261 960 274 980 ,
311 937 375 970 ne
400 920 469 969 ob
498 920 545 968 id
571 921 787 985 aliquem
814 922 1053 986 pudorem
1084 920 1164 971 illa
1197 922 1275 971 die
1303 924 1617 971 incurrerem.
1696 924 1848 989 Quod
1874 938 1938 972 et-

153 999 255 1056 jam
283 993 456 1044 eadem
480 995 560 1043 die
589 996 712 1044 mihi
742 997 955 1052 accidit3
1004 1012 1121 1043 nam
1149 995 1250 1058 post
1269 997 1549 1059 prandium,
1581 997 1700 1046 dum
1725 999 1940 1047 domum

153 1069 358 1133 Pragam
384 1082 533 1116 curru
557 1067 857 1130 perrexissem
874 1099 888 1122 ,
924 1068 1022 1117 vidi
1046 1069 1147 1132 post
1175 1084 1256 1117 me
1281 1082 1539 1133 pergentes
1561 1072 1767 1121 eosdem
1795 1074 1942 1123 Viros

154 1143 453 1195 honoratos,
493 1141 582 1204 qui
610 1137 739 1204 prius
763 1157 963 1192 mecum
990 1180 1004 1200 ‚
1049 1145 1098 1190 in
1128 1139 1301 1192 eadem
1330 1141 1535 1193 Ecclesia
1562 1158 1699 1194 erant
1724 1182 1737 1203 ,
1775 1149 1941 1196 curavi

155 1233 335 1267 meum
367 1231 565 1265 currum
598 1214 713 1267 sisti,
742 1231 900 1280 usque
934 1215 1054 1265 dum
1090 1215 1171 1280 ipfi
1207 1220 1671 1284 appropinquarent.
1750 1221 1939 1271 Volens

155 1291 264 1354 ipsis
290 1291 455 1353 loqui:
503 1289 731 1338 descendi
757 1305 814 1338 ex
839 1304 959 1340 meo
985 1306 1129 1341 curru
1152 1293 1201 1340 in
1227 1289 1301 1341 via
1324 1290 1488 1357 plana,
1513 1308 1614 1343 non
1641 1294 1819 1354 lutosa,
1846 1311 1939 1346 nec

155 1363 263 1414 ullo
290 1360 450 1413 modo
475 1359 691 1422 lubric213
731 1362 895 1413 subito
918 1366 1112 1415 concidi
1138 1367 1187 1415 in
1211 1378 1390 1415 terram
1407 1404 1419 1424 ,
1445 1369 1491 1415 ὅ(
1516 1368 1719 1417 notabili
1746 1381 1939 1432 tempo-

153 1453 206 1488 re
226 1470 240 1493 ,
278 1437 411 1503 quasi
438 1433 691 1497 manibus,
726 1433 1034 1503 pedibusque
1064 1441 1266 1505 ligatum,
1305 1441 1582 1491 nullatenus
1607 1458 1688 1493 me
1716 1445 1936 1507 erigere,

153 1513 202 1560 ὅ(
231 1513 525 1576 consurgere
550 1514 690 1574 potui
712 1550 726 1572 ‚
760 1515 923 1564 donec
948 1513 1062 1564 dieti
1087 1517 1175 1565 viri
1202 1517 1427 1566 honorati
1450 1531 1567 1568 cum
1592 1519 1807 1569 maxima
1834 1519 1936 1569 mei

153 1586 369 1638 irrisione
393 1585 707 1637 disceffiffent.

302 1662 433 1711 XVI.
458 1659 613 1709 Testis
638 1662 697 1710 acl
729 1680 748 1719 3
768 1675 809 1711 1.
833 1662 1041 1713 ProcesS.
1069 1664 1156 1713 fol.
1175 1663 1236 1729 83
1246 1678 1293 1727 9.
1319 1677 1474 1732 tergo.

296 1731 564 1801 Respondit:
597 1736 675 1783 Sic
701 1735 727 1781 a
753 1737 878 1782 meis
902 1738 1172 1785 Maioribus
1197 1742 1374 1789 narrari
1398 1741 1580 1791 audivi.

378 1805 461 1855 Ad
492 1815 577 1869 32.

299 1877 538 1949 Respondit
560 1898 577 1925 .·
623 1878 809 1944 Utique
834 1895 1113 1945 narrarunt,
1146 1884 1283 1950 quod
1309 1884 1408 1937 hoc
1433 1888 1582 1939 etiam
1607 1886 1633 1937 ἐι
1656 1887 1748 1941 suis
1774 1888 1928 1943 Maio-

153 1956 287 2007 ribus
310 1956 600 2005 audiverint.

379 2030 458 2078 Ad
484 2027 690 2078 Process.
711 2029 800 2082 fol.
820 2030 939 2096 843.
967 2043 1108 2098 tergo
1136 2032 1256 2096 844.

297 2101 536 2171 Respondit
561 2123 578 2149 .·
622 2104 805 2156 Audivi
839 2119 938 2155 tam
972 2106 998 2155 a
1028 2109 1293 2168 Maioribus
1315 2111 1440 2161 meis
1462 2142 1478 2168 ,
1512 2129 1666 2178 quam
1693 2115 1842 2165 etiam
1868 2131 1925 2167 ex

150 2180 348 2247 publica
372 2174 503 2227 fama
529 2190 636 2228 tum
660 2179 844 2245 Pragae‚
866 2194 975 2233 turn
1005 2182 1137 2232 alibi.

378 2252 460 2301 Ad
487 2261 570 2313 65.

289 2322 555 2394 Respondit:
588 2329 816 2380 Narravit
840 2328 1072 2381 defunCta
1100 2329 1223 2383 Avia
1249 2350 1388 2390 mea,
1415 2334 1567 2392 Avus,
1588 2338 1635 2387 ὃ(
1662 2337 1743 2387 alii
1770 2339 1921 2400 Majo-

149 2418 226 2453 res
248 2403 377 2461 mei,
416 2401 552 2466 quod
577 2415 805 2470 ternpore
827 2399 1024 2454 insultus
1048 2407 1250 2458 Palatini
1271 2411 1474 2474 quidam
1502 2415 1748 2463 temerarii
1773 2413 1922 2464 haere-

148 2478 231 2526 tici
265 2478 537 2541 inceperint
563 2477 790 2529 decutere
813 2480 1045 2530 Clathros
1076 2482 1258 2533 ferreos
1283 2484 1343 2533 ad
1371 2484 1682 2550 sepulchrum
1709 2489 1752 2536 S.
1775 2489 1918 2555 Joan-

148 2553 223 2603 nis
246 2552 592 2620 Nepomuceui
612 2584 628 2614 ,
665 2555 713 2604 &
737 2554 874 2624 supra
898 2556 1205 2624 sepulchrum
1230 2574 1346 2609 cum
1369 2576 1661 2629 contemptu
1688 2560 1920 2624 saltitare,

1119 2633 1150 2682 F
1193 2645 1222 2702 3
1623 2650 1844 2701 quorum
