2180 2833
568 121 706 185 Vitae
729 122 779 185 S.
795 115 1029 204 [joannis
1053 119 1394 195 Nepomucem‘
1415 120 1511 182 M.
1861 138 1929 200 51

288 251 362 303 Ac
385 251 446 304 de
471 253 632 313 prImo
658 252 859 315 quidem
875 289 888 310 ,
914 250 994 300 seu
1015 248 1327 302 concessione
1349 247 1529 304 officii,
1547 247 1596 297 δε
1621 247 1763 298 miffae·
1785 250 1935 301 literae

149 328 444 394 Apostolicae
468 328 586 377 datae
610 336 716 378 lunt
742 337 823 376 26.
847 328 1010 396 Junij:
1051 327 1189 376 alteri
1217 337 1387 374 autem
1415 324 1645 376 destinata
1668 325 1759 374 fuit
1778 326 1935 390 Pragae

147 420 199 466 4.
224 407 326 452 dies
349 403 462 471 Julij
491 404 709 464 ejusdem
741 419 853 451 anni
888 415 984 459 172
1002 418 1040 450 1.
1072 417 1088 464 3
1134 417 1243 464 quae
1270 400 1534 449 solennitas
1557 401 1609 448 in
1633 400 1750 466 saepe
1776 402 1935 451 citatis

146 480 259 531 actis
286 476 370 528 sub
395 476 549 528 finem
573 479 860 541 prafationis
886 475 946 525 fic
971 476 1283 526 describitur:

287 556 381 604 Vix
406 555 608 603 allatum
640 568 739 602 erat
764 555 1020 602 Nuncium
1051 547 1453 600 defideratissimae
1485 548 1629 609 hujus
1661 549 1935 608 sententiae,

152 630 199 678 δε
225 644 342 678 mox
367 630 470 678 dies
498 642 545 688 4.
572 630 691 696 Julii
708 666 719 684 ,
745 628 919 677 Sancto
946 627 1190 688 Procopio
1216 626 1368 678 sacra,
1394 626 1825 685 denominabatur‚
1849 643 1938 689 pro

147 706 318 769 primis
343 705 593 752 solemniis
617 705 836 768 gloriolo
863 704 1057 764 Marryri
1080 700 1499 762 exhibendiS‚quae
1526 715 1610 764 pet
1636 704 1935 765 praesentiam

147 776 499 842 Augustissimae
524 779 842 840 [inperatricis
863 793 919 826 ex
946 777 1151 825 thermis
1174 774 1422 823 Carolinis
1435 775 1686 824 Viennam
1714 792 1936 825 remean-

149 854 210 902 tis
235 891 248 910 ‚
292 852 727 917 magnificabantur
750 885 764 906 ,
805 851 1026 915 dumque
1052 844 1338 914 tempestive
1362 844 1484 896 sacra
1510 850 1604 897 ossa
1635 866 1749 898 cum
1775 853 1936 901 incor-

151 941 287 990 rupta
322 928 485 992 lingua
517 944 577 977 ex
610 927 807 976 tumulo
835 928 990 976 levata
1013 931 1062 975 in
1089 926 1291 987 Capella
1316 925 1361 973 S.
1389 924 1681 973 Wenceslai
1710 926 1938 988 tantisper

152 1001 429 1051 honorifice
464 1002 675 1063 deposita
710 1002 892 1053 essent,
924 1003 1202 1058 comparuit
1235 1000 1370 1046 disto
1401 998 1482 1045 die
1517 1000 1744 1046 invitatus
1775 1001 1937 1065 Regni

151 1075 330 1123 Clerus
357 1111 368 1131 ‚
411 1078 624 1138 Regium
662 1075 976 1122 Gubernium
1013 1087 1128 1121 cum
1166 1073 1352 1120 caeteris
1385 1069 1657 1120 Dicasteriis
1680 1111 1692 1129 ‚
1729 1075 1938 1124 Univer-

154 1145 261 1198 sitas
287 1149 523 1213 Pragena,
555 1164 671 1196 cum
701 1147 1058 1211 Magistratibus
1083 1146 1301 1202 triurbiS,
1324 1145 1560 1195 confluxit
1584 1149 1661 1196 vix
1687 1163 1788 1197 non
1816 1152 1940 1199 inte-

151 1239 236 1290 gra
262 1224 444 1273 Boema
467 1223 741 1278 Nobilitas,
768 1225 812 1270 ἃ
839 1224 1125 1270 innumerus
1148 1219 1240 1269 fuit
1265 1220 1476 1284 populus
1500 1223 1714 1285 praesens‚
1731 1236 1784 1271 ut
1803 1225 1851 1272 &
1870 1226 1940 1274 vi-

156 1301 291 1347 derer
317 1298 625 1362 prod-gium,
651 1299 788 1361 quod
816 1298 948 1346 Deus
972 1312 1088 1346 cum
1115 1296 1395 1345 conservata
1421 1296 1545 1345 sacra
1569 1297 1739 1362 lingua
1765 1313 1939 1363 opera-

155 1385 232 1422 tus
256 1385 380 1427 erat,
403 1376 447 1420 ὅ(
479 1385 530 1420 ur
555 1376 677 1420 sacra
707 1372 802 1421 offa
823 1384 1158 1428 veneraretur3
1194 1373 1403 1434 portavit
1429 1375 1478 1420 in
1504 1373 1726 1421 ordinata
1751 1374 1941 1436 proces·

157 1446 287 1496 (ione
315 1446 475 1506 saepius
496 1449 674 1496 dieram
700 1447 877 1496 sacram
907 1448 1122 1512 linguam
1151 1445 1593 1496 Reverendiffimus
1612 1485 1625 1505 ,
1666 1449 1712 1495 ὅ(
1733 1448 1942 1500 Celfiffi-

154 1537 264 1570 mus
291 1524 604 1575 Ordinarius,
632 1523 816 1571 sacrum
843 1523 1041 1585 Corpus
1065 1534 1228 1571 autem
1256 1521 1477 1570 humeris
1499 1522 1837 1586 imposuerunt
1865 1524 1942 1575 sex

150 1597 396 1647 Canonici
422 1596 633 1646 Ecclesiae
659 1597 1048 1661 Metropolitanae
1073 1612 1226 1660 usque
1252 1597 1311 1645 ad
1331 1597 1556 1646 Domum
1575 1599 1940 1662 Praepositam,

155 1673 238 1720 ubi
273 1673 393 1720 illud
430 1674 737 1735 sulceperunr
770 1674 843 1721 sex
877 1677 926 1720 in
958 1674 1136 1734 Regno
1164 1673 1339 1720 Ptaelati
1364 1710 1376 1729 ‚
1413 1674 1598 1735 quibus
1624 1675 1672 1721 in
1696 1673 1940 1737 designata

155 1745 360 1795 statione
385 1748 459 1795 sex
482 1749 592 1794 alii,
614 1750 658 1789 &
686 1749 761 1791 his
787 1746 1118 1790 Universiratis
1147 1744 1449 1797 Professores,
1473 1747 1543 1793 his
1566 1761 1730 1793 aurem
1756 1748 1937 1797 Leuto-

155 1815 433 1869 meticensis
460 1854 472 1874 ‚
512 1818 555 1863 &
586 1818 781 1880 R‘eginae
803 1816 1092 1864 Radecenfis
1118 1816 1431 1864 Ecclessarum
1460 1818 1701 1868 Canonici
1727 1858 1741 1878 ,
1780 1822 1828 1869 δε
1856 1822 1939 1872 de.

154 1909 300 1943 mum
323 1893 492 1941 Curari
521 1890 774 1956 Pragenses
801 1891 1118 1940 successerunt
1144 1929 1154 1946 ‚
1195 1890 1356 1940 donec
1383 1892 1441 1939 ad
1470 1895 1727 1942 introitum
1756 1897 1939 1947 Metro·

156 1969 376 2031 politanae
404 1966 642 2020 Ecclesiae,
670 1967 896 2029 portandi
923 1967 1086 2015 honor
1111 1965 1168 2014 ad
1197 1966 1482 2015 Canonicos
1509 1970 1690 2017 iterum
1720 1972 1935 2032 redierit,

156 2046 242 2105 qui
270 2042 391 2089 illud
420 2042 476 2089 acl
505 2042 719 2090 mensam
749 2045 882 2103 supra
905 2042 1154 2090 tumulum
1183 2042 1304 2088 intra
1330 2042 1432 2089 duo
1449 2042 1629 2092 Altaria
1646 2045 1822 2094 SanCto
1846 2062 1938 2096 no-

160 2118 254 2165 ssro
284 2119 377 2171 jam
405 2116 429 2164 ἐι
454 2117 672 2172 pluribus
693 2119 829 2164 annis
856 2117 1123 2164 constructa
1149 2118 1467 2176 reposuerunt
1494 2154 1504 2172 ‚
1546 2121 1595 2166 in
1623 2135 1717 2182 qua
1742 2120 1938 2172 desasto

158 2193 359 2258 publicae
385 2194 687 2239 venerationi
712 2191 979 2253 expositum
1003 2190 1324 2252 conspicitur,
1347 2191 1484 2239 Sacra
1507 2206 1671 2242 autem
1699 2197 1863 2261 lingua
1886 2199 1938 2247 in

158 2267 360 2331 Capella
399 2267 442 2315 S.
476 2267 777 2315 Wenceslao
809 2267 965 2314 dicata
1000 2262 1233 2330 religiose
1268 2265 1566 2325 custoditum
1618 2269 1940 2322 claudebatur

157 2344 457 2393 Solemnitas
483 2338 672 2403 hymno
700 2338 1035 2397 Ambrosiam&
1057 2343 1097 2387 ὅ(
1125 2338 1370 2389 Sacrificio
1396 2342 1537 2391 Miffae
1566 2343 1675 2392 Deo
1700 2347 1751 2394 in
1778 2346 1939 2397 hono-

164 2434 271 2467 rem
306 2418 352 2466 S.
378 2418 580 2481 Joannis
606 2414 816 2472 oblat63
856 2419 1142 2464 continuata
1171 2415 1264 2464 fuit
1297 2415 1579 2467 solemnitas
1606 2421 1937 2479 inexplicabili

159 2494 421 2541 hominum
447 2490 677 2539 confluxu
704 2507 786 2554 per
811 2491 1068 2540 octiduum
1087 2528 1099 2548 ‚
1128 2491 1203 2538 sed
1227 2492 1272 2537 ὅ(
1298 2490 1394 2538 hoc
1415 2491 1546 2554 lapso
1570 2510 1669 2544 non
1695 2497 1833 2545 caffat
1854 2497 1933 2545 de-

163 2580 308 2618 votus
333 2566 542 2631 populus
572 2564 794 2630 quotidie
827 2566 952 2631 apud
983 2566 1122 2615 Sacra
1155 2564 1267 2614 Offa
1297 2580 1583 2632 comparere
1607 2606 1621 2629 ‚
1654 2570 1698 2617 ὅ(
1726 2573 1936 2633 patroci-

1119 2639 1166 2688 G
1205 2655 1236 2688 2
1716 2646 1858 2698 nium
