2180 2833
200 124 276 185 62
895 112 1285 191 Supplementum

198 244 453 312 ejusdem)
482 238 692 306 scapulae.
754 238 891 308 Qas
914 239 1128 290 maculas
1154 235 1351 288 forsitan
1377 251 1434 287 ex
1457 235 1727 298 dejectione
1752 248 1891 290 tantae
1915 238 1983 290 al-

196 323 418 375 titudinis
442 318 637 377 PontiS,
666 315 713 364 δε
738 312 953 364 allisione
975 315 1026 364 in
1051 313 1265 380 lapidem
1292 311 1561 377 quendam,
1579 325 1662 362 aut
1683 311 1774 364 alia
1794 314 1986 364 violen-

196 396 261 450 tia
296 391 425 446 illata
460 392 575 441 inde
616 388 883 439 subsecutas
917 389 1102 448 judico.
1197 381 1447 438 Caeterum
1480 388 1575 437 toti
1610 387 1829 455 Corpori
1863 389 1987 439 nihil

195 466 385 540 prorsus
410 466 565 517 deesse
593 462 765 515 sedulo
787 463 1030 520 observo,
1055 474 1375 530 praeterquam
1401 461 1557 512 dextri
1582 477 1713 529 genu
1737 463 1987 529 patellam,

195 562 250 598 ac
294 558 482 602 unum,
513 542 787 590 alterumve
823 536 1102 590 Officulum
1137 536 1402 595 metatarfi,
1440 552 1549 601 quae
1583 537 1773 587 sensum
1815 553 1989 588 meum

193 623 453 683 hucusque
482 614 775 680 effugerunt.
855 613 1021 663 Postea
1045 614 1104 663 ad
1132 627 1320 662 novam
1346 611 1523 662 &Ciam
1553 627 1579 662 a
1605 612 1666 662 D.
1691 613 1988 663 Promotorc

192 695 356 747 Fiscali
385 692 660 743 instantiam
689 706 746 740 ex
772 688 957 738 eodem
983 689 1044 738 D.
1069 689 1285 739 Medico.

428 765 696 835 Qaesitum
722 766 977 829 quintum.

341 838 567 893 Potestne
592 837 994 889 Excellentiffima
1018 838 1315 888 Dominatio
1340 835 1508 891 Vestra
1533 837 1721 901 optima
1744 836 1994 888 conscien-

194 921 285 978 tia,
311 919 358 966 &
391 932 481 980 pro
515 918 730 981 genuina
763 917 966 965 veritate
1000 915 1099 963 haec
1134 914 1307 963 omnia
1342 927 1460 961 mox
1492 910 1726 961 recensita
1763 911 1983 970 efficere,

193 987 428 1059 praecipue
449 999 617 1036 autern
647 990 839 1033 ratione
866 987 1096 1048 Linguae3
1138 990 1185 1032 δε
1209 988 1341 1036 unde
1367 987 1469 1040 scit,
1487 984 1623 1050 quod
1653 988 1845 1036 ratione
1870 988 1991 1046 ejus-

195 1070 312 1118 dem
336 1066 535 1129 Linguae
559 1058 745 1123 aliquid
780 1058 923 1123 plane
953 1058 1390 1107 extraordinarium
1416 1093 1431 1117 ,
1465 1060 1511 1105 δε
1539 1060 1894 1123 supernaturale
1918 1062 1995 1109 in-

196 1142 453 1196 veniatur?
493 1135 722 1200 Desuper.

350 1208 600 1280 Respondit.
680 1206 949 1266 Pofl‘unm&
977 1205 1154 1266 edim,
1180 1201 1511 1270 quodrautem
1539 1206 1761 1271 linguam
1789 1222 1994 1259 concer-

195 1293 295 1346 nit,
321 1286 458 1354 quod
484 1287 584 1334 haec
607 1285 724 1333 citra
750 1282 1067 1340 miraculum,
1084 1281 1363 1331 naturaliter
1388 1279 1663 1330 conservari
1690 1296 1793 1330 non
1817 1295 1992 1346 potue.

196 1369 256 1417 rit
281 1403 294 1424 ‚
336 1363 448 1414 inde
475 1360 633 1410 infero
657 1381 671 1417 ς
724 1358 841 1423 quia
864 1358 990 1421 apud
1013 1357 1106 1406 alia
1129 1356 1356 1420 Corpora
1380 1355 1670 1406 membrum
1699 1356 1875 1421 linguae
1904 1360 1991 1422 pri.

195 1455 340 1492 mum
379 1434 722 1503 putrefastioni
759 1432 1037 1482 obnoxium
1075 1430 1155 1482 est.
1235 1431 1327 1480 Hic
1352 1427 1472 1480 vero
1504 1432 1553 1479 ln
1588 1442 1721 1480 tauta
1754 1434 1994 1496 temporis

195 1512 557 1578 intercapedine
573 1546 586 1569 ‚
611 1524 719 1574 quae
745 1509 832 1557 tria
855 1507 1036 1557 Saecula
1062 1505 1253 1556 excedit
1272 1520 1389 1555 cum
1416 1505 1506 1555 hac
1530 1504 1801 1564 substantia,
1816 1504 1989 1571 figura,

197 1592 245 1641 ὅ(
269 1588 545 1654 integritate
561 1623 573 1643 ,
601 1596 748 1649 atque
773 1582 942 1632 colore
969 1581 1251 1633 naturaliter
1274 1579 1549 1632 conservari
1571 1595 1677 1630 non
1700 1582 1879 1646 potuit.

429 1658 698 1723 Qaesitum
726 1658 930 1707 sextum.

345 1733 494 1784 Unde
519 1732 673 1780 credit
695 1729 1182 1782 vestraDominat10‚
1207 1725 1347 1787 qued
1374 1729 1570 1787 praesens
1582 1729 1780 1791 Corpus
1804 1729 1858 1780 fit
1870 1730 1994 1782 Cot.

198 1827 292 1882 pus
315 1805 624 1864 Venerabilis
653 1803 786 1853 Servi
812 1801 906 1850 Dei
930 1801 1134 1869 Joannis
1157 1799 1541 1864 Nepomuceni?

352 1877 602 1952 Respondit.
682 1878 792 1927 Hoc
816 1891 914 1942 ego
938 1873 1057 1925 ide*o
1076 1873 1228 1924 credo
1245 1912 1259 1933 ‚
1293 1874 1410 1936 quia
1435 1872 1722 1938 inscriptum
1749 1873 1816 1925 est
1841 1875 1992 1943 lapidi

201 1957 501 2029 Sepulchrali
526 1953 828 2024 JOANNES
855 1952 936 2000 DE
960 1950 1211 2001 POMUK.
1290 1949 1417 1997 Item
1443 1948 1556 2012 quia
1586 1950 1684 1999 hoc
1718 1962 1833 2000 toto
1864 1965 1992 2002 tem-

202 2052 321 2104 pore
345 2035 451 2083 vitae
481 2046 602 2080 meae
631 2027 695 2077 ita
719 2027 898 2076 audivi.
978 2025 1116 2075 Idem
1141 2040 1198 2074 ex
1223 2022 1472 2072 Historicis
1497 2023 1840 2088 probatissimis
1863 2026 1991 2090 legi,

201 2113 404 2175 vidique
430 2107 821 2158 Venerationem
850 2100 952 2150 fieri
977 2100 1035 2149 ad
1060 2102 1191 2148 hunc
1216 2097 1512 2147 Tumulum.
1588 2100 1713 2149 Item
1747 2102 1860 2164 quia
1892 2101 1991 2152 vidi

203 2183 458 2253 particulas
481 2180 759 2230 vestimenti
790 2178 940 2242 nigri,
965 2177 1009 2224 ὅ(
1039 2174 1271 2225 subrubei
1295 2173 1475 2223 coloris
1492 2210 1502 2230 ‚
1527 2176 1662 2238 quod
1688 2174 1989 2240 sepulturam

203 2264 323 2315 Viri,
342 2255 614 2309 Sacerdotis
642 2255 861 2303 denotat.
940 2247 1154 2300 Maxime
1179 2261 1346 2299 autem
1373 2263 1456 2296 me
1482 2251 1733 2298 convincit
1759 2262 1858 2299 tam
1889 2251 1991 2301 suc-

207 2335 379 2388 cositas
406 2330 684 2381 inconsueta
708 2325 900 2378 Ossium
931 2364 941 2384 ,
981 2326 1129 2389 quam
1154 2323 1518 2389 supernaturalis
1541 2323 1847 2374 conservatio
1873 2326 1990 2374 Lin-

206 2427 314 2478 guae
339 2440 352 2464 ,
393 2408 438 2455 ὅ(
475 2405 603 2470 signa
634 2399 978 2453 Concussionis
1005 2401 1239 2449 Calvarioe
1264 2438 1276 2458 ,
1311 2400 1358 2447 &
1391 2396 1516 2448 offis
1545 2400 1758 2463 Scapulae
1792 2398 1989 2450 sinistrae.

205 2489 428 2537 Firmum
455 2494 620 2529 autem
646 2477 710 2527 est
730 2515 745 2538 ,
783 2475 920 2540 quod
947 2477 1189 2525 violenter
1214 2475 1274 2523 de
1301 2475 1454 2523 Ponte
1479 2475 1697 2533 dejectus
1721 2474 1869 2526 fuerit
1887 2507 1903 2531 ‚
1941 2478 1990 2526 ὃς

208 2564 323 2612 hinc
346 2558 447 2610 haec
469 2554 596 2622 signa
617 2553 904 2610 vulnerum,
929 2552 976 2601 ὅ(
1003 2548 1331 2601 concussionis
1355 2548 1637 2600 monstrant.
1813 2600 1818 2606 ,

1762 2624 1916 2675 Medi-
