2180 2833
288 162 323 224 8
771 147 896 213 Wta
930 147 981 208 S.
990 142 1228 230 joannis
1253 147 1593 224 Nepomucem‘

467 294 548 333 10.
590 279 744 350 Qod
758 275 1082 334 wenceslao,
1105 273 1136 323 fi
1162 272 1368 337 saperet,
1390 275 1579 339 placere
1602 273 1868 337 debuerat,
1893 276 1943 329 id
1969 293 2071 330 ver.

291 360 350 410 tit
374 358 423 408 in
446 358 651 415 odium3
684 350 867 404 inceffit
891 350 1070 400 deinde
1097 348 1419 398 libidinosum
1446 351 1492 398 δε
1518 367 1574 399 ex
1599 353 1802 402 libidine
1829 353 2070 406 furiosum

290 437 483 501 Regem
511 431 719 494 cupid0‚
747 427 778 477 si
803 442 907 490 quo
931 426 1072 490 pafi‘to
1096 425 1266 474 rescire
1287 422 1463 488 poffet,
1484 425 1602 487 quid
1624 427 1813 492 Regina
1836 428 1894 476 ad
1910 431 2071 480 Sacer.

290 512 463 562 dotem
489 505 781 570 expiandum
804 501 1020 555 afferret,
1041 514 1161 564 quas
1187 494 1422 563 praecipue
1443 513 1591 548 noxas
1615 499 1845 560 haberet,
1863 504 1982 566 quid
2008 505 2071 555 de

290 586 472 637 marito
495 596 716 646 unquam
742 582 1006 643 cogitaret,
1027 590 1087 626 an
1115 590 1266 638 quern
1288 573 1442 623 alium
1464 587 1681 634 amaret,
1703 575 1892 640 aliaque
1905 578 2074 631 huius-

292 659 462 719 modi,
493 674 599 724 qua:
634 655 721 705 fibi
747 654 884 704 stulta
910 653 1144 717 tyrannis,
1175 664 1349 699 amore
1385 648 1610 707 accensa,
1642 651 1691 698 ὅ(
1720 651 2072 715 suspicionibus

289 735 477 796 cincta,
498 730 652 799 potest
676 731 722 778 &
746 729 870 779 solet
890 725 1192 791 confingere.
1267 721 1361 773 Sed
1387 724 1485 772 haec
1509 724 1571 772 ab
1592 725 1687 789 ipsa
1714 726 1899 790 Regina
1921 730 2075 777 inter-

289 810 516 876 rogando
536 808 806 872 exprimere
832 802 1150 854 frustraneum
1177 811 1292 848 erat.
1368 800 1533 850 Vocat
1554 800 1598 848 S.
1613 801 1886 867 Joannem‚
1914 817 2073 866 quem

291 901 450 937 unum
475 883 709 934 omnibus
723 881 921 946 Reginae
947 876 1156 927 consiliis
1181 875 1416 923 intimum
1442 873 1534 923 effe
1557 875 1749 924 sciebat.
1826 877 1932 925 Post
1947 877 2074 926 mul-

291 974 363 1012 tas
388 961 655 1012 verborum
680 956 912 1020 ambages
929 993 941 1011 ‚
965 950 1094 1016 quasi
1120 943 1253 999 aliud
1278 961 1468 1013 ageret,
1503 952 1760 999 mentione
1782 950 1983 1016 Reginae
2005 952 2077 1000 in-

289 1037 437 1099 jecta,
468 1034 705 1101 paulatim
736 1031 795 1080 ad
819 1025 1192 1079 Confeffionem
1220 1024 1397 1072 sacram
1423 1023 1690 1083 delabitur3
1725 1040 1938 1075 uxorum
1960 1041 2074 1075 eam

289 1111 382 1162 effe
407 1110 751 1161 conditionem
778 1107 824 1153 ὅ(
851 1103 1231 1162 subjectionem,
1261 1110 1314 1146 ut
1339 1113 1507 1147 earum
1532 1101 1704 1148 omnia
1736 1102 1919 1150 maritis
1951 1112 2074 1150 nota

289 1185 382 1238 effe
407 1195 661 1251 oporteat,
683 1175 894 1231 maxime
918 1180 965 1227 in
990 1175 1187 1225 familiis
1205 1175 1399 1237 Regum
1427 1189 1482 1222 ac
1494 1173 1767 1234 Caesarum3
1794 1190 1915 1239 opes
1936 1175 2074 1224 dein.

287 1262 377 1320 de,
400 1263 617 1310 honores
639 1258 685 1305 ὃς
700 1253 940 1316 quidquid
962 1249 1203 1300 felicitatis
1216 1263 1436 1310 unquam
1451 1249 1665 1316 Joannes
1686 1250 1952 1313 exsped'care
1967 1247 2074 1313 pos-

288 1336 385 1395 set,
410 1333 566 1384 verbo
601 1329 742 1394 regio
774 1325 1060 1388 pollicetur,
1091 1320 1122 1369 fi
1144 1322 1399 1369 induceret
1423 1325 1473 1370 in
1496 1322 1722 1371 animum
1747 1356 1759 1375 ‚
1792 1325 1871 1373 vel
1898 1339 2077 1387 pauca,

289 1425 397 1478 quae
418 1406 601 1479 Joanni
627 1405 814 1468 Regina
839 1401 891 1448 in
916 1398 1049 1448 sacro
1075 1396 1383 1445 Poenitentiae
1408 1397 1637 1445 tribunali
1670 1397 1935 1461 aliquando
1965 1412 2077 1461 ape-

289 1484 475 1541 ruisset,
497 1482 583 1530 uni
607 1477 691 1527 fibi
717 1474 1038 1531 concredere3
1072 1472 1120 1520 id
1147 1467 1267 1520 vero
1292 1469 1376 1519 fibi
1403 1485 1492 1535 pro
1521 1473 1690 1526 omni,
1729 1474 1779 1521 in
1804 1485 1879 1523 tot
1907 1473 2076 1538 Regiis

289 1553 621 1620 Caesareisque
640 1553 764 1603 curis
777 1590 789 1608 ,
811 1550 982 1599 solatio
995 1547 1118 1596 fore.
1195 1546 1449 1594 Exhorruit
1472 1545 1532 1594 ad
1554 1546 1801 1597 sceleratas
1820 1563 1984 1612 preces
2001 1547 2076 1596 vir

289 1639 494 1687 beatus,
525 1632 572 1679 &
594 1629 726 1695 gravi
753 1624 1004 1688 liberaque
1038 1622 1264 1671 oratione
1288 1634 1531 1684 quantum
1565 1623 1759 1684 crimen
1796 1622 2076 1687 posceretur

291 1708 530 1765 ostendit3
569 1704 826 1753 damnaret
849 1698 1053 1765 proinde
1073 1693 1405 1745 curiositatem
1433 1695 1565 1744 suam
1590 1697 1708 1751 Rex,
1734 1698 1782 1744 &
1807 1697 1945 1760 quod
1968 1695 2076 1745 fieri

292 1801 399 1838 non
429 1779 608 1848 posset,
641 1776 906 1828 desiderare
927 1774 1196 1823 omitteret.
1274 1769 1579 1819 Commovit
1610 1770 1891 1835 objurgatio
1921 1769 2076 1818 sancta

292 1859 631 1925 sulphuratum
647 1892 659 1912 ‚
680 1865 733 1902 ut
754 1852 819 1900 ita
840 1849 1032 1907 dicam,
1050 1847 1352 1907 Principem:
1381 1842 1592 1907 repreffit
1617 1855 1785 1895 tamen
1812 1841 1930 1900 sese,
1955 1858 2075 1894 cum

293 1936 566 2001 cogitaret,
587 1929 703 1991 saepe
726 1928 809 1991 qui
834 1928 882 1976 in
909 1924 1074 1988 primo
1096 1920 1264 1970 affultu
1288 1920 1330 1967 ἃ
1357 1919 1568 1969 hostium
1595 1933 1776 1970 conatu
1800 1919 1951 1970 fortes
1981 1916 2077 1967 sese

294 2005 572 2077 probarint,
592 2004 652 2053 ad
676 2000 939 2053 secundum
957 2030 971 2052 ,
991 1999 1037 2046 ὅ(
1060 1998 1262 2046 tertium
1288 1995 1576 2044 mollescere
1602 2010 1656 2044 ac
1680 1996 1838 2054 vinci;
1864 1995 2078 2057 primam

295 2086 424 2137 hanc
443 2081 702 2133 admotam
723 2074 812 2127 effe
832 2074 1136 2130 machinam,
1166 2086 1274 2135 quae
1296 2069 1331 2118 ‘fi
1357 2085 1459 2118 non
1484 2069 1786 2134 processerit,
1813 2070 2075 2118 fortiorem

296 2161 344 2212 se
361 2160 705 2212 admoturum,
728 2166 833 2215 quae
857 2151 1004 2199 etiam
1031 2147 1221 2196 nolenti
1249 2142 1507 2194 victoriam
1531 2143 1671 2194 facile
1696 2154 1998 2208 extorqueat.

472 2247 493 2280 1
510 2245 552 2279 1.
592 2231 702 2278 Nec
715 2227 798 2276 diu
823 2224 1003 2278 abfuit,
1034 2221 1171 2286 quod
1195 2235 1379 2285 aegrum
1404 2223 1627 2269 animum
1656 2220 1951 2270 exulceraret
1977 2231 2078 2265 ma.

298 2309 386 2378 gis.
460 2300 603 2356 Forte
633 2317 780 2352 cocus
804 2302 967 2365 regius
990 2311 1231 2362 caponem
1260 2291 1390 2343 male
1414 2294 1562 2343 affum
1596 2296 1656 2344 ad
1684 2296 1900 2345 mensam
1927 2291 2077 2356 Regis

299 2382 510 2438 miserat.
584 2378 648 2427 Ea
672 2392 746 2426 res
772 2371 1030 2439 improvisa
1055 2373 1104 2420 in
1131 2382 1316 2441 tantam
1341 2372 1443 2434 egit
1465 2369 1652 2419 rabiem
1681 2368 2042 2449 §Wenceslaum
2059 2403 2074 2424 ‚

300 2472 356 2509 ut
378 2470 559 2508 naturae
582 2454 804 2502 humanae
827 2452 872 2498 ὅ(
892 2449 1056 2498 omnis
1069 2446 1390 2496 humanitatis
1415 2444 1601 2494 oblitus
1616 2483 1628 2505 ‚
1647 2460 1826 2495 cocum
1853 2442 2075 2506 protinus

299 2534 552 2599 alligatum
579 2528 818 2584 verubus,
858 2524 1070 2573 flammis
1094 2522 1349 2571 admoveri
1382 2518 1568 2575 jufferit.
1645 2517 1850 2570 Perculsi
1875 2516 2079 2567 barbara

252 2624 257 2632 ²
300 2606 588 2662 crudelitate
610 2602 757 2655 aulici
780 2615 959 2654 ornnes
984 2598 1273 2659 horrebant,
1291 2595 1564 2664 pallebant,
1593 2593 1687 2648 sese
1714 2590 1893 2646 mutuo
1917 2594 2077 2641 intue-

1800 2670 2003 2720 bantur:
