2180 2833
609 186 612 190 .
651 135 944 215 Pre5byteri
989 128 1059 200 Εἰ
1080 133 1376 210 Alartyris‘.
1870 146 1910 214 7

693 326 1181 416 CAPUT
1231 330 1333 416 ΙΙ.

117 508 184 591 S.
206 504 533 611 joannis
562 505 740 619 obſs
743 519 1053 584 rvatum
1086 500 1534 618 Confffom's
1564 530 1915 587 arcanum

340 620 561 710 frustra
603 637 740 684 tom
785 642 847 684 ac
890 620 1115 682 demum
1160 643 1217 682 m
1241 614 1468 703 flumen
1511 616 1678 708 meist

876 735 1138 801 exequie

247 863 434 914 Nterea
459 860 785 912 Wenceslaus
809 861 964 914 Caesar
999 858 1096 929 (ut
1116 860 1302 913 lubrica
1326 863 1494 913 omnis
1518 861 1735 928 nequitia
1758 858 1850 920 est,
1863 859 1914 909 &

284 941 338 988 in
370 927 656 987 descensum
681 939 728 986 ὅ(
754 938 920 988 casum
948 940 1181 1004 praeceps)
1214 933 1451 1002 quotidie
1490 938 1643 1004 seipso
1673 935 1919 986 evadebat

123 1013 356 1064 deterior.
429 1012 673 1077 Reginam
698 1014 974 1082 joannam,
1006 1027 1158 1078 quam
1190 1013 1475 1077 praesentem
1498 1017 1673 1063 oderat
1706 1012 1754 1059 δε
1786 1011 1915 1060 ferte

122 1104 226 1139 non
263 1099 481 1153 poterat,
512 1087 744 1137 eamdem
773 1087 1027 1138 absentem
1053 1084 1227 1137 misere
1261 1088 1528 1153 deperibat.
1605 1089 1814 1138 Pravum
1849 1085 1914 1134 de

122 1163 171 1214 se
196 1164 242 1213 ὅ(
269 1161 551 1227 praepostera
572 1162 866 1212 educatione
896 1176 1185 1227 corruptum
1210 1164 1505 1214 Wenceslai
1526 1165 1784 1230 ingenium
1825 1157 1916 1227 (ut

122 1237 220 1288 fert
245 1238 523 1287 multorum
558 1234 769 1303 opinio)
797 1237 982 1302 philtris
1011 1236 1313 1302 quibusdam
1336 1240 1544 1302 magicis
1568 1237 1888 1289 efferaverant
1899 1271 1918 1295 ,

125 1312 376 1376 &prorsus
397 1311 619 1359 insanum
647 1328 703 1360 ex
719 1326 871 1374 pravo
893 1311 1136 1367 fecerant,
1155 1310 1393 1360 scelerum
1421 1314 1679 1374 regiorum
1704 1310 1915 1360 admini-

128 1384 220 1435 stri.
297 1386 415 1433 Non
438 1383 502 1433 est
523 1385 602 1433 hic
621 1384 760 1433 Iocus
781 1385 1087 1433 licentiosam
1110 1384 1245 1433 illam
1259 1421 1272 1443 ‚
1296 1383 1656 1450 cruentamque
1676 1385 1724 1433 &
1745 1399 1917 1434 macu-

124 1460 184 1509 lis
211 1455 345 1508 foede
368 1470 592 1508 notatam
616 1460 747 1523 regis
768 1460 918 1508 vitam
950 1457 1254 1508 describendi
1289 1481 1301 1509 z
1332 1459 1549 1509 Annales
1574 1474 1751 1509 eorum
1789 1472 1917 1509 tem-

107 1555 111 1558 ·
120 1549 306 1600 porum
353 1532 687 1583 consulantur.
792 1534 969 1583 Annus
1013 1532 1253 1598 agebatur
1296 1532 1403 1598 post
1447 1533 1699 1585 Christum
1741 1546 1918 1584 natum

124 1610 194 1658 M.
206 1608 363 1659 CCC.
379 1608 633 1658 LXXXIII.
660 1609 874 1674 Regina,
914 1608 1202 1657 Wenceslai
1227 1607 1532 1672 quotidianis
1559 1607 1821 1660 sceleribus
1840 1608 1919 1660 of-

122 1681 284 1742 fensa,
319 1678 437 1732 cum
464 1683 660 1732 nullum
680 1683 895 1747 amplius
917 1698 974 1732 ex
997 1682 1168 1732 Rebus
1187 1681 1415 1733 humanis
1431 1683 1673 1735 Solarium
1696 1697 1915 1749 caperet,

123 1771 288 1822 neque
314 1772 398 1821 per
421 1758 584 1806 mariti
607 1756 894 1822 suspiciosos
921 1756 1104 1807 oculos
1136 1771 1312 1822 capere
1350 1757 1530 1822 posset,
1566 1760 1916 1810 crudelitatem

121 1833 227 1894 ejus
242 1831 620 1899 perhorrescens
654 1829 908 1900 (maxime
938 1833 1079 1897 quod
1113 1834 1264 1882 etiam
1302 1831 1525 1883 mensam
1562 1830 1808 1900 dape'sque
1843 1850 1914 1884 re-

121 1908 253 1972 giaS,
272 1906 491 1957 caedibus
515 1922 778 1974 procerum
804 1909 851 1957 &
873 1905 1108 1974 sanguine
1130 1906 1405 1973 respergere
1424 1922 1518 1973 pro
1535 1908 1725 1961 deliciis
1747 1912 1792 1959 ὅ(
1809 1909 1917 1960 bel-

121 1981 248 2032 lariis
273 1981 518 2049 habebat)
548 1983 685 2049 quod
707 1981 1003 2033 tutissimum
1028 1981 1308 2038 videbatur,
1335 1997 1549 2034 omnem
1570 1985 1747 2035 mundi
1771 1999 1914 2035 amo·

123 2070 232 2106 rem
252 2057 491 2117 abjicere,
522 2053 705 2123 unique
725 2058 772 2108 se
794 2058 910 2108 Deo
935 2070 1095 2107 totam
1124 2053 1406 2124 (quantum
1431 2059 1530 2109 vita
1553 2060 1831 2126 conjugalis
1853 2058 1911 2108 fi.

124 2127 302 2197 neret)
332 2132 518 2183 donare
543 2133 804 2184 constituit.
881 2133 1034 2183 Nulla
1069 2148 1145 2182 res
1173 2134 1242 2182 ita
1267 2134 1494 2182 animum
1526 2134 1700 2184 divino
1732 2149 1908 2185 amore

120 2205 278 2258 semel
300 2220 598 2271 occupatum
619 2206 1027 2274 Deoadstringit,
1052 2205 1207 2272 quam·
1227 2209 1400 2274 graviS,
1410 2208 1664 2266 diuturna,
1683 2211 1729 2259 ὃ(
1751 2224 1909 2276 quam

121 2293 215 2332 tuo
240 2281 387 2347 capiti
409 2284 723 2334 continenter
740 2284 1031 2348 impendere
1054 2283 1250 2343 videas,
1274 2283 1539 2335 calamitas.
1611 2286 1779 2350 Itaque
1806 2286 1906 2335 Re-

119 2356 237 2424 gina
271 2356 458 2406 sacrum
495 2358 704 2409 tribunal
736 2359 867 2409 adire
893 2353 1226 2423 frequentius,
1251 2373 1373 2408 cum
1405 2359 1631 2426 lacrymis
1669 2362 1907 2411 minimas

117 2446 340 2498 quasque
363 2431 603 2483 labeculas
626 2434 814 2499 aperire
831 2471 847 2494 ‚
883 2432 1110 2484 afflistare
1123 2432 1247 2493 sese,
1270 2449 1547 2500 egenorum
1571 2450 1736 2485 curam
1763 2432 1902 2485 susci·

118 2521 236 2572 pere
251 2544 264 2566 ‚
294 2501 451 2571 iisque
472 2508 592 2560 dum
616 2509 817 2568 liceret,
835 2508 1104 2559 ministrare
1118 2547 1133 2569 ,
1156 2509 1324 2559 Deum
1346 2507 1522 2560 affidue
1542 2513 1780 2576 cogitare,
1793 2525 1901 2575 pre-

115 2583 240 2646 tari,
264 2593 320 2634 ut
338 2581 601 2636 meliorem
626 2584 829 2652 conjugi
851 2597 1079 2638 mentem
1101 2584 1266 2644 daret,
1285 2584 1371 2636 diu
1393 2579 1649 2651 noctuque
1669 2600 1827 2635 orare.

1546 2672 1629 2713 ιο.
1666 2659 1826 2730 Qud
