<?xml version="1.0" encoding="UTF-8"?>
<!DOCTYPE html PUBLIC "-//W3C//DTD XHTML 1.0 Transitional//EN"
    "http://www.w3.org/TR/xhtml1/DTD/xhtml1-transitional.dtd">
<html xmlns="http://www.w3.org/1999/xhtml" xml:lang="en" lang="en">
 <head>
  <title>
</title>
<meta http-equiv="Content-Type" content="text/html;charset=utf-8" />
  <meta name='ocr-system' content='tesseract 3.04.00' />
  <meta name='ocr-capabilities' content='ocr_page ocr_carea ocr_par ocr_line ocrx_word'/>
</head>
<body>
  <div class='ocr_page' id='page_1' title='image "./vitasjoannisnepo00balb_0137.png"; bbox 0 0 2180 2833; ppageno 0'>
   <div class='ocr_carea' id='block_1_1' title="bbox 556 112 1907 202">
    <p class='ocr_par' dir='ltr' id='par_1_1' title="bbox 556 112 1907 202">
     <span class='ocr_line' id='line_1_1' title="bbox 556 112 1907 202; baseline -0.003 -20"><span class='ocrx_word' id='word_1_1' title='bbox 556 120 682 183; x_wconf 83' lang='lat' dir='ltr'>Vitae</span> <span class='ocrx_word' id='word_1_2' title='bbox 703 118 755 179; x_wconf 87' lang='lat' dir='ltr'>S.</span> <span class='ocrx_word' id='word_1_3' title='bbox 764 112 1000 202; x_wconf 63' lang='lat' dir='ltr'>joannis-</span> <span class='ocrx_word' id='word_1_4' title='bbox 1021 115 1366 192; x_wconf 83' lang='lat' dir='ltr'>Nepomucem‘</span> <span class='ocrx_word' id='word_1_5' title='bbox 1387 116 1488 179; x_wconf 90' lang='lat' dir='ltr'>M.</span> <span class='ocrx_word' id='word_1_6' title='bbox 1834 117 1907 194; x_wconf 83' lang='lat'>63</span> 
     </span>
    </p>
   </div>
   <div class='ocr_carea' id='block_1_2' title="bbox 116 238 1912 2680">
    <p class='ocr_par' dir='ltr' id='par_1_2' title="bbox 271 238 1558 385">
     <span class='ocr_line' id='line_1_2' title="bbox 271 238 1558 314; baseline -0.006 -12"><span class='ocrx_word' id='word_1_7' title='bbox 271 247 495 302; x_wconf 81' lang='lat' dir='ltr'>Medicus</span> <span class='ocrx_word' id='word_1_8' title='bbox 513 245 751 298; x_wconf 88' lang='lat' dir='ltr'>secundus</span> <span class='ocrx_word' id='word_1_9' title='bbox 771 246 832 295; x_wconf 92' lang='lat' dir='ltr'>D.</span> <span class='ocrx_word' id='word_1_10' title='bbox 857 246 996 314; x_wconf 82' lang='lat' dir='ltr'>Joan.</span> <span class='ocrx_word' id='word_1_11' title='bbox 1018 244 1231 295; x_wconf 86' lang='lat' dir='ltr'>Carolus</span> <span class='ocrx_word' id='word_1_12' title='bbox 1255 238 1558 296; x_wconf 54' lang='lat' dir='ltr'>Puchmann.¹</span> 
     </span>
     <span class='ocr_line' id='line_1_3' title="bbox 357 319 1191 385; baseline -0.004 -14"><span class='ocrx_word' id='word_1_13' title='bbox 357 324 434 371; x_wconf 67' lang='lat' dir='ltr'>Aa</span> <span class='ocrx_word' id='word_1_14' title='bbox 460 322 708 385; x_wconf 78' lang='lat' dir='ltr'>quaeiitum</span> <span class='ocrx_word' id='word_1_15' title='bbox 733 324 949 385; x_wconf 88' lang='lat' dir='ltr'>primum</span> <span class='ocrx_word' id='word_1_16' title='bbox 974 332 1025 369; x_wconf 89' lang='lat' dir='ltr'>ut</span> <span class='ocrx_word' id='word_1_17' title='bbox 1046 319 1191 384; x_wconf 78' lang='lat' dir='ltr'>supra.</span> 
     </span>
    </p>

    <p class='ocr_par' dir='ltr' id='par_1_3' title="bbox 121 391 1911 540">
     <span class='ocr_line' id='line_1_4' title="bbox 275 391 1911 464; baseline -0.002 -18"><span class='ocrx_word' id='word_1_18' title='bbox 275 394 528 464; x_wconf 71' lang='lat' dir='ltr'><em>Respondet.</em></span> <span class='ocrx_word' id='word_1_19' title='bbox 605 399 776 447; x_wconf 87' lang='lat' dir='ltr'>Vocor</span> <span class='ocrx_word' id='word_1_20' title='bbox 800 393 1015 458; x_wconf 82' lang='lat' dir='ltr'>Joannes</span> <span class='ocrx_word' id='word_1_21' title='bbox 1035 395 1248 446; x_wconf 82' lang='lat' dir='ltr'>Carolus</span> <span class='ocrx_word' id='word_1_22' title='bbox 1271 395 1586 457; x_wconf 87' lang='lat' dir='ltr'>Puchmann,</span> <span class='ocrx_word' id='word_1_23' title='bbox 1611 391 1760 444; x_wconf 88' lang='lat' dir='ltr'>aetatis</span> <span class='ocrx_word' id='word_1_24' title='bbox 1787 404 1911 443; x_wconf 82' lang='lat' dir='ltr'>meae</span> 
     </span>
     <span class='ocr_line' id='line_1_5' title="bbox 121 474 996 540; baseline -0.007 -17"><span class='ocrx_word' id='word_1_25' title='bbox 121 474 477 540; x_wconf 74' lang='lat' dir='ltr'>quinquaginta</span> <span class='ocrx_word' id='word_1_26' title='bbox 497 484 713 536; x_wconf 82' lang='lat' dir='ltr'>quatuor</span> <span class='ocrx_word' id='word_1_27' title='bbox 735 486 996 520; x_wconf 89' lang='lat' dir='ltr'>annorum.</span> 
     </span>
    </p>

    <p class='ocr_par' dir='ltr' id='par_1_4' title="bbox 352 543 1294 612">
     <span class='ocr_line' id='line_1_6' title="bbox 352 543 1294 612; baseline 0.001 -16"><span class='ocrx_word' id='word_1_28' title='bbox 352 549 431 597; x_wconf 90' lang='lat' dir='ltr'>Ad</span> <span class='ocrx_word' id='word_1_29' title='bbox 459 546 712 612; x_wconf 84' lang='lat' dir='ltr'>quaefitum</span> <span class='ocrx_word' id='word_1_30' title='bbox 742 545 1009 595; x_wconf 86' lang='lat' dir='ltr'>secundum</span> <span class='ocrx_word' id='word_1_31' title='bbox 1026 576 1040 601; x_wconf 87' lang='lat'>,</span> <span class='ocrx_word' id='word_1_32' title='bbox 1063 557 1118 595; x_wconf 92' lang='lat' dir='ltr'>ut</span> <span class='ocrx_word' id='word_1_33' title='bbox 1141 543 1294 610; x_wconf 67' lang='lat' dir='ltr'>supra.</span> 
     </span>
    </p>

    <p class='ocr_par' dir='ltr' id='par_1_5' title="bbox 121 616 1911 1061">
     <span class='ocr_line' id='line_1_7' title="bbox 271 616 1911 690; baseline -0.004 -19"><span class='ocrx_word' id='word_1_34' title='bbox 271 618 524 690; x_wconf 67' lang='lat' dir='ltr'>Respondit.</span> <span class='ocrx_word' id='word_1_35' title='bbox 565 624 615 671; x_wconf 89' lang='lat' dir='ltr'>In</span> <span class='ocrx_word' id='word_1_36' title='bbox 629 619 929 671; x_wconf 78' lang='lat' dir='ltr'>Profeffione</span> <span class='ocrx_word' id='word_1_37' title='bbox 942 621 1134 669; x_wconf 87' lang='lat' dir='ltr'>Medica</span> <span class='ocrx_word' id='word_1_38' title='bbox 1156 619 1346 684; x_wconf 76' lang='lat' dir='ltr'>persisto</span> <span class='ocrx_word' id='word_1_39' title='bbox 1371 620 1567 686; x_wconf 84' lang='lat' dir='ltr'>triginta</span> <span class='ocrx_word' id='word_1_40' title='bbox 1591 619 1746 668; x_wconf 75' lang='lat' dir='ltr'>annis,</span> <span class='ocrx_word' id='word_1_41' title='bbox 1792 616 1911 666; x_wconf 86' lang='lat' dir='ltr'>Pro·</span> 
     </span>
     <span class='ocr_line' id='line_1_8' title="bbox 121 688 1911 756; baseline -0.003 -10"><span class='ocrx_word' id='word_1_42' title='bbox 121 708 297 747; x_wconf 88' lang='lat' dir='ltr'>motus</span> <span class='ocrx_word' id='word_1_43' title='bbox 333 710 501 746; x_wconf 90' lang='lat' dir='ltr'>autem</span> <span class='ocrx_word' id='word_1_44' title='bbox 538 698 644 745; x_wconf 90' lang='lat' dir='ltr'>sum</span> <span class='ocrx_word' id='word_1_45' title='bbox 681 697 729 744; x_wconf 90' lang='lat' dir='ltr'>in</span> <span class='ocrx_word' id='word_1_46' title='bbox 758 696 976 745; x_wconf 81' lang='lat' dir='ltr'>Carolo·</span> <span class='ocrx_word' id='word_1_47' title='bbox 994 694 1321 744; x_wconf 85' lang='lat' dir='ltr'>Ferdinandea</span> <span class='ocrx_word' id='word_1_48' title='bbox 1346 695 1667 744; x_wconf 82' lang='lat' dir='ltr'>Univcrfitate</span> <span class='ocrx_word' id='word_1_49' title='bbox 1694 688 1911 756; x_wconf 82' lang='lat' dir='ltr'>Pragenfi</span> 
     </span>
     <span class='ocr_line' id='line_1_9' title="bbox 124 766 1910 836; baseline -0.003 -16"><span class='ocrx_word' id='word_1_50' title='bbox 124 784 239 820; x_wconf 86' lang='lat' dir='ltr'>ante</span> <span class='ocrx_word' id='word_1_51' title='bbox 266 786 423 820; x_wconf 87' lang='lat' dir='ltr'>annos</span> <span class='ocrx_word' id='word_1_52' title='bbox 447 772 622 836; x_wconf 83' lang='lat' dir='ltr'>viginti</span> <span class='ocrx_word' id='word_1_53' title='bbox 645 782 888 835; x_wconf 88' lang='lat' dir='ltr'>quatuor,</span> <span class='ocrx_word' id='word_1_54' title='bbox 928 770 1001 819; x_wconf 92' lang='lat' dir='ltr'>fui</span> <span class='ocrx_word' id='word_1_55' title='bbox 1026 766 1146 819; x_wconf 80' lang='lat' dir='ltr'>vero</span> <span class='ocrx_word' id='word_1_56' title='bbox 1168 771 1218 818; x_wconf 91' lang='lat' dir='ltr'>in</span> <span class='ocrx_word' id='word_1_57' title='bbox 1244 772 1370 833; x_wconf 88' lang='lat' dir='ltr'>praxi</span> <span class='ocrx_word' id='word_1_58' title='bbox 1398 783 1509 819; x_wconf 90' lang='lat' dir='ltr'>ante</span> <span class='ocrx_word' id='word_1_59' title='bbox 1533 769 1910 835; x_wconf 85' lang='lat' dir='ltr'>promotionem</span> 
     </span>
     <span class='ocr_line' id='line_1_10' title="bbox 122 842 1911 911; baseline -0.003 -16"><span class='ocrx_word' id='word_1_60' title='bbox 122 846 318 911; x_wconf 85' lang='lat' dir='ltr'>aliquot</span> <span class='ocrx_word' id='word_1_61' title='bbox 344 847 508 904; x_wconf 87' lang='lat' dir='ltr'>annis,</span> <span class='ocrx_word' id='word_1_62' title='bbox 533 847 646 911; x_wconf 85' lang='lat' dir='ltr'>quia</span> <span class='ocrx_word' id='word_1_63' title='bbox 672 845 799 909; x_wconf 87' lang='lat' dir='ltr'>apud</span> <span class='ocrx_word' id='word_1_64' title='bbox 822 845 885 895; x_wconf 87' lang='lat' dir='ltr'>D.</span> <span class='ocrx_word' id='word_1_65' title='bbox 912 845 1189 895; x_wconf 56' lang='lat' dir='ltr'>Doaorem</span> <span class='ocrx_word' id='word_1_66' title='bbox 1215 845 1472 894; x_wconf 84' lang='lat' dir='ltr'>Medicinae</span> <span class='ocrx_word' id='word_1_67' title='bbox 1493 844 1747 909; x_wconf 87' lang='lat' dir='ltr'>quondam</span> <span class='ocrx_word' id='word_1_68' title='bbox 1771 842 1911 910; x_wconf 89' lang='lat' dir='ltr'>Jaco-</span> 
     </span>
     <span class='ocr_line' id='line_1_11' title="bbox 123 915 1909 986; baseline -0.003 -17"><span class='ocrx_word' id='word_1_69' title='bbox 123 920 246 970; x_wconf 90' lang='lat' dir='ltr'>bum</span> <span class='ocrx_word' id='word_1_70' title='bbox 264 920 581 985; x_wconf 87' lang='lat' dir='ltr'>Dobrzansky</span> <span class='ocrx_word' id='word_1_71' title='bbox 601 921 663 970; x_wconf 89' lang='lat' dir='ltr'>de</span> <span class='ocrx_word' id='word_1_72' title='bbox 680 922 996 986; x_wconf 82' lang='lat' dir='ltr'>Nigroponte</span> <span class='ocrx_word' id='word_1_73' title='bbox 1019 921 1261 970; x_wconf 86' lang='lat' dir='ltr'>Socerum</span> <span class='ocrx_word' id='word_1_74' title='bbox 1290 936 1463 970; x_wconf 91' lang='lat' dir='ltr'>meum</span> <span class='ocrx_word' id='word_1_75' title='bbox 1489 918 1699 970; x_wconf 87' lang='lat' dir='ltr'>eandem</span> <span class='ocrx_word' id='word_1_76' title='bbox 1725 915 1909 980; x_wconf 80' lang='lat' dir='ltr'>praxim</span> 
     </span>
     <span class='ocr_line' id='line_1_12' title="bbox 121 993 1102 1061; baseline 0.001 -17"><span class='ocrx_word' id='word_1_77' title='bbox 121 993 456 1061; x_wconf 80' lang='lat' dir='ltr'>frequentavi,</span> <span class='ocrx_word' id='word_1_78' title='bbox 481 997 528 1044; x_wconf 78' lang='grc' dir='ltr'>δ(</span> <span class='ocrx_word' id='word_1_79' title='bbox 554 1011 671 1045; x_wconf 90' lang='lat' dir='ltr'>cum</span> <span class='ocrx_word' id='word_1_80' title='bbox 702 995 807 1060; x_wconf 92' lang='lat' dir='ltr'>ipso</span> <span class='ocrx_word' id='word_1_81' title='bbox 827 996 1102 1061; x_wconf 69' lang='lat' dir='ltr'>prasticavi.</span> 
     </span>
    </p>

    <p class='ocr_par' dir='ltr' id='par_1_6' title="bbox 352 1063 1232 1129">
     <span class='ocr_line' id='line_1_13' title="bbox 352 1063 1232 1129; baseline -0.001 -14"><span class='ocrx_word' id='word_1_82' title='bbox 352 1070 432 1115; x_wconf 93' lang='lat' dir='ltr'>Ad</span> <span class='ocrx_word' id='word_1_83' title='bbox 457 1069 711 1128; x_wconf 82' lang='lat' dir='ltr'>quaefitum</span> <span class='ocrx_word' id='word_1_84' title='bbox 736 1078 967 1129; x_wconf 86' lang='lat' dir='ltr'>quartum</span> <span class='ocrx_word' id='word_1_85' title='bbox 1000 1078 1054 1113; x_wconf 92' lang='lat' dir='ltr'>ut</span> <span class='ocrx_word' id='word_1_86' title='bbox 1080 1063 1232 1128; x_wconf 67' lang='lat' dir='ltr'>supra.</span> 
     </span>
    </p>

    <p class='ocr_par' dir='ltr' id='par_1_7' title="bbox 116 1135 1912 2621">
     <span class='ocr_line' id='line_1_14' title="bbox 270 1135 1911 1208; baseline -0.002 -19"><span class='ocrx_word' id='word_1_87' title='bbox 270 1135 527 1208; x_wconf 80' lang='lat' dir='ltr'>Respondit.</span> <span class='ocrx_word' id='word_1_88' title='bbox 606 1139 744 1188; x_wconf 87' lang='lat' dir='ltr'>Dum</span> <span class='ocrx_word' id='word_1_89' title='bbox 770 1141 914 1188; x_wconf 87' lang='lat' dir='ltr'>omni</span> <span class='ocrx_word' id='word_1_90' title='bbox 940 1139 1270 1196; x_wconf 88' lang='lat' dir='ltr'>sedulitate,&amp;</span> <span class='ocrx_word' id='word_1_91' title='bbox 1291 1153 1408 1188; x_wconf 90' lang='lat' dir='ltr'>cum</span> <span class='ocrx_word' id='word_1_92' title='bbox 1435 1138 1674 1189; x_wconf 87' lang='lat' dir='ltr'>omnibus</span> <span class='ocrx_word' id='word_1_93' title='bbox 1698 1137 1911 1187; x_wconf 91' lang='lat' dir='ltr'>circum-</span> 
     </span>
     <span class='ocr_line' id='line_1_15' title="bbox 120 1212 1910 1278; baseline -0.003 -12"><span class='ocrx_word' id='word_1_94' title='bbox 120 1215 305 1266; x_wconf 83' lang='lat' dir='ltr'>stantiis</span> <span class='ocrx_word' id='word_1_95' title='bbox 328 1213 486 1264; x_wconf 88' lang='lat' dir='ltr'>hocce</span> <span class='ocrx_word' id='word_1_96' title='bbox 509 1213 707 1278; x_wconf 89' lang='lat' dir='ltr'>Corpus</span> <span class='ocrx_word' id='word_1_97' title='bbox 730 1212 1022 1264; x_wconf 87' lang='lat' dir='ltr'>sufficienter</span> <span class='ocrx_word' id='word_1_98' title='bbox 1045 1216 1253 1264; x_wconf 87' lang='lat' dir='ltr'>intuitus</span> <span class='ocrx_word' id='word_1_99' title='bbox 1277 1213 1464 1263; x_wconf 83' lang='lat' dir='ltr'>fuiffem</span> <span class='ocrx_word' id='word_1_100' title='bbox 1480 1253 1494 1272; x_wconf 91' lang='lat'>‚</span> <span class='ocrx_word' id='word_1_101' title='bbox 1534 1215 1683 1264; x_wconf 91' lang='lat' dir='ltr'>video</span> <span class='ocrx_word' id='word_1_102' title='bbox 1705 1212 1910 1276; x_wconf 86' lang='lat' dir='ltr'>quidem</span> 
     </span>
     <span class='ocr_line' id='line_1_16' title="bbox 120 1286 1912 1347; baseline -0.002 -8"><span class='ocrx_word' id='word_1_103' title='bbox 120 1290 220 1339; x_wconf 88' lang='lat' dir='ltr'>fine</span> <span class='ocrx_word' id='word_1_104' title='bbox 241 1289 404 1338; x_wconf 88' lang='lat' dir='ltr'>Carne</span> <span class='ocrx_word' id='word_1_105' title='bbox 430 1286 520 1337; x_wconf 82' lang='lat' dir='ltr'>effe</span> <span class='ocrx_word' id='word_1_106' title='bbox 547 1312 562 1347; x_wconf 79' lang='lat'><em>3</em></span> <span class='ocrx_word' id='word_1_107' title='bbox 612 1288 724 1339; x_wconf 81' lang='lat' dir='ltr'>Offa</span> <span class='ocrx_word' id='word_1_108' title='bbox 748 1302 916 1338; x_wconf 88' lang='lat' dir='ltr'>autem</span> <span class='ocrx_word' id='word_1_109' title='bbox 945 1289 1009 1338; x_wconf 74' lang='lat' dir='ltr'>ita</span> <span class='ocrx_word' id='word_1_110' title='bbox 1031 1290 1278 1339; x_wconf 87' lang='lat' dir='ltr'>articulata</span> <span class='ocrx_word' id='word_1_111' title='bbox 1306 1288 1387 1338; x_wconf 85' lang='lat' dir='ltr'>fibi</span> <span class='ocrx_word' id='word_1_112' title='bbox 1412 1291 1628 1339; x_wconf 88' lang='lat' dir='ltr'>invicem</span> <span class='ocrx_word' id='word_1_113' title='bbox 1645 1327 1658 1346; x_wconf 90' lang='lat'>,</span> <span class='ocrx_word' id='word_1_114' title='bbox 1693 1300 1746 1336; x_wconf 90' lang='lat' dir='ltr'>ut</span> <span class='ocrx_word' id='word_1_115' title='bbox 1769 1286 1912 1336; x_wconf 90' lang='lat' dir='ltr'>nullo</span> 
     </span>
     <span class='ocr_line' id='line_1_17' title="bbox 123 1360 1911 1428; baseline -0.004 -13"><span class='ocrx_word' id='word_1_116' title='bbox 123 1364 285 1415; x_wconf 88' lang='lat' dir='ltr'>modo</span> <span class='ocrx_word' id='word_1_117' title='bbox 309 1360 486 1413; x_wconf 68' lang='lat' dir='ltr'>melius</span> <span class='ocrx_word' id='word_1_118' title='bbox 513 1365 753 1427; x_wconf 90' lang='lat' dir='ltr'>componi</span> <span class='ocrx_word' id='word_1_119' title='bbox 781 1363 1068 1427; x_wconf 76' lang='lat' dir='ltr'>potuifl&#39;ent5</span> <span class='ocrx_word' id='word_1_120' title='bbox 1110 1366 1162 1415; x_wconf 73' lang='grc' dir='ltr'>δι</span> <span class='ocrx_word' id='word_1_121' title='bbox 1190 1367 1256 1413; x_wconf 84' lang='lat' dir='ltr'>ita</span> <span class='ocrx_word' id='word_1_122' title='bbox 1280 1362 1655 1428; x_wconf 80' lang='lat' dir='ltr'>quidem‚quod</span> <span class='ocrx_word' id='word_1_123' title='bbox 1680 1362 1812 1410; x_wconf 88' lang='lat' dir='ltr'>nulla</span> <span class='ocrx_word' id='word_1_124' title='bbox 1839 1361 1911 1409; x_wconf 79' lang='lat' dir='ltr'>su-</span> 
     </span>
     <span class='ocr_line' id='line_1_18' title="bbox 119 1436 1909 1503; baseline -0.003 -15"><span class='ocrx_word' id='word_1_125' title='bbox 119 1440 271 1503; x_wconf 88' lang='lat' dir='ltr'>spicio</span> <span class='ocrx_word' id='word_1_126' title='bbox 294 1437 472 1487; x_wconf 75' lang='lat' dir='ltr'>subesse</span> <span class='ocrx_word' id='word_1_127' title='bbox 496 1437 780 1502; x_wconf 85' lang='lat' dir='ltr'>poffit,cum</span> <span class='ocrx_word' id='word_1_128' title='bbox 794 1437 993 1488; x_wconf 79' lang='lat' dir='ltr'>Ossibus</span> <span class='ocrx_word' id='word_1_129' title='bbox 1020 1440 1090 1488; x_wconf 84' lang='lat' dir='ltr'>his</span> <span class='ocrx_word' id='word_1_130' title='bbox 1111 1454 1359 1501; x_wconf 84' lang='lat' dir='ltr'>nunquam</span> <span class='ocrx_word' id='word_1_131' title='bbox 1387 1452 1584 1487; x_wconf 88' lang='lat' dir='ltr'>motum</span> <span class='ocrx_word' id='word_1_132' title='bbox 1611 1436 1758 1486; x_wconf 80' lang='lat' dir='ltr'>fuisse.</span> <span class='ocrx_word' id='word_1_133' title='bbox 1798 1436 1909 1484; x_wconf 86' lang='lat' dir='ltr'>Hoc</span> 
     </span>
     <span class='ocr_line' id='line_1_19' title="bbox 121 1509 1911 1577; baseline -0.003 -14"><span class='ocrx_word' id='word_1_134' title='bbox 121 1526 290 1563; x_wconf 84' lang='lat' dir='ltr'>tamen</span> <span class='ocrx_word' id='word_1_135' title='bbox 315 1513 556 1571; x_wconf 81' lang='lat' dir='ltr'>obserVO,</span> <span class='ocrx_word' id='word_1_136' title='bbox 581 1510 718 1577; x_wconf 75' lang='lat' dir='ltr'>quod</span> <span class='ocrx_word' id='word_1_137' title='bbox 739 1527 797 1562; x_wconf 88' lang='lat' dir='ltr'>os</span> <span class='ocrx_word' id='word_1_138' title='bbox 819 1513 1004 1571; x_wconf 86' lang='lat' dir='ltr'>Sterni,</span> <span class='ocrx_word' id='word_1_139' title='bbox 1035 1513 1119 1562; x_wconf 89' lang='lat' dir='ltr'>seu</span> <span class='ocrx_word' id='word_1_140' title='bbox 1142 1514 1381 1562; x_wconf 70' lang='lat' dir='ltr'>Thoracis</span> <span class='ocrx_word' id='word_1_141' title='bbox 1407 1512 1638 1563; x_wconf 88' lang='lat' dir='ltr'>deorsum</span> <span class='ocrx_word' id='word_1_142' title='bbox 1663 1509 1911 1575; x_wconf 88' lang='lat' dir='ltr'>compres-</span> 
     </span>
     <span class='ocr_line' id='line_1_20' title="bbox 118 1585 1909 1655; baseline -0.003 -17"><span class='ocrx_word' id='word_1_143' title='bbox 118 1588 226 1638; x_wconf 86' lang='lat' dir='ltr'>sum</span> <span class='ocrx_word' id='word_1_144' title='bbox 253 1586 306 1635; x_wconf 83' lang='lat' dir='ltr'>fit</span> <span class='ocrx_word' id='word_1_145' title='bbox 330 1586 356 1636; x_wconf 75' lang='lat' dir='ltr'>a</span> <span class='ocrx_word' id='word_1_146' title='bbox 381 1587 602 1653; x_wconf 86' lang='lat' dir='ltr'>pondere</span> <span class='ocrx_word' id='word_1_147' title='bbox 626 1589 788 1637; x_wconf 84' lang='lat' dir='ltr'>Terrae</span> <span class='ocrx_word' id='word_1_148' title='bbox 809 1609 824 1646; x_wconf 80' lang='lat'>3</span> <span class='ocrx_word' id='word_1_149' title='bbox 875 1587 1034 1638; x_wconf 86' lang='lat' dir='ltr'>Costae</span> <span class='ocrx_word' id='word_1_150' title='bbox 1060 1585 1180 1638; x_wconf 78' lang='lat' dir='ltr'>vero</span> <span class='ocrx_word' id='word_1_151' title='bbox 1202 1585 1305 1638; x_wconf 75' lang='lat' dir='ltr'>fere</span> <span class='ocrx_word' id='word_1_152' title='bbox 1327 1590 1526 1655; x_wconf 81' lang='lat' dir='ltr'>integrae</span> <span class='ocrx_word' id='word_1_153' title='bbox 1547 1626 1560 1645; x_wconf 91' lang='lat'><strong>‚</strong></span> <span class='ocrx_word' id='word_1_154' title='bbox 1600 1588 1777 1652; x_wconf 85' lang='lat' dir='ltr'>partim</span> <span class='ocrx_word' id='word_1_155' title='bbox 1802 1598 1909 1649; x_wconf 91' lang='lat' dir='ltr'>pro-</span> 
     </span>
     <span class='ocr_line' id='line_1_21' title="bbox 119 1660 1909 1728; baseline -0.002 -17"><span class='ocrx_word' id='word_1_156' title='bbox 119 1661 429 1718; x_wconf 82' lang='lat' dir='ltr'>tuberantes,</span> <span class='ocrx_word' id='word_1_157' title='bbox 454 1664 631 1727; x_wconf 83' lang='lat' dir='ltr'>partim</span> <span class='ocrx_word' id='word_1_158' title='bbox 657 1661 840 1722; x_wconf 60' lang='lat' dir='ltr'>fractae,</span> <span class='ocrx_word' id='word_1_159' title='bbox 863 1663 910 1711; x_wconf 66' lang='grc' dir='ltr'>ὅ(</span> <span class='ocrx_word' id='word_1_160' title='bbox 934 1675 1091 1728; x_wconf 82' lang='lat' dir='ltr'>partes</span> <span class='ocrx_word' id='word_1_161' title='bbox 1114 1665 1162 1712; x_wconf 86' lang='lat' dir='ltr'>in</span> <span class='ocrx_word' id='word_1_162' title='bbox 1189 1666 1342 1713; x_wconf 89' lang='lat' dir='ltr'>Terra</span> <span class='ocrx_word' id='word_1_163' title='bbox 1368 1666 1492 1713; x_wconf 88' lang='lat' dir='ltr'>intra</span> <span class='ocrx_word' id='word_1_164' title='bbox 1506 1662 1789 1712; x_wconf 85' lang='lat' dir='ltr'>Thoracem</span> <span class='ocrx_word' id='word_1_165' title='bbox 1812 1660 1909 1709; x_wconf 86' lang='lat' dir='ltr'>exi-</span> 
     </span>
     <span class='ocr_line' id='line_1_22' title="bbox 119 1732 1909 1796; baseline -0.003 -11"><span class='ocrx_word' id='word_1_166' title='bbox 119 1736 294 1787; x_wconf 84' lang='lat' dir='ltr'>stentes</span> <span class='ocrx_word' id='word_1_167' title='bbox 309 1739 542 1794; x_wconf 78' lang='lat' dir='ltr'>inventae3</span> <span class='ocrx_word' id='word_1_168' title='bbox 583 1748 800 1787; x_wconf 84' lang='lat' dir='ltr'>attamen</span> <span class='ocrx_word' id='word_1_169' title='bbox 817 1739 1071 1786; x_wconf 82' lang='lat' dir='ltr'>Vertebris</span> <span class='ocrx_word' id='word_1_170' title='bbox 1086 1739 1238 1796; x_wconf 82' lang='lat' dir='ltr'>Spinae</span> <span class='ocrx_word' id='word_1_171' title='bbox 1255 1736 1391 1783; x_wconf 84' lang='lat' dir='ltr'>Dorsi</span> <span class='ocrx_word' id='word_1_172' title='bbox 1415 1732 1756 1790; x_wconf 73' lang='lat' dir='ltr'>firmiffime,&amp;</span> <span class='ocrx_word' id='word_1_173' title='bbox 1776 1748 1909 1796; x_wconf 88' lang='lat' dir='ltr'>pror-</span> 
     </span>
     <span class='ocr_line' id='line_1_23' title="bbox 118 1800 1908 1872; baseline -0.003 -12"><span class='ocrx_word' id='word_1_174' title='bbox 118 1810 196 1860; x_wconf 88' lang='lat' dir='ltr'>sus</span> <span class='ocrx_word' id='word_1_175' title='bbox 217 1808 428 1856; x_wconf 88' lang='lat' dir='ltr'>naturali</span> <span class='ocrx_word' id='word_1_176' title='bbox 455 1800 617 1853; x_wconf 75' lang='lat' dir='ltr'>modo</span> <span class='ocrx_word' id='word_1_177' title='bbox 637 1805 969 1863; x_wconf 83' lang='lat' dir='ltr'>cohaerentes,</span> <span class='ocrx_word' id='word_1_178' title='bbox 994 1807 1040 1854; x_wconf 73' lang='grc' dir='ltr'>ἃ</span> <span class='ocrx_word' id='word_1_179' title='bbox 1067 1807 1205 1870; x_wconf 91' lang='lat' dir='ltr'>quod</span> <span class='ocrx_word' id='word_1_180' title='bbox 1230 1806 1468 1872; x_wconf 79' lang='lat' dir='ltr'>singulare</span> <span class='ocrx_word' id='word_1_181' title='bbox 1494 1807 1557 1856; x_wconf 87' lang='lat' dir='ltr'>est</span> <span class='ocrx_word' id='word_1_182' title='bbox 1582 1807 1606 1855; x_wconf 79' lang='lat' dir='ltr'>a</span> <span class='ocrx_word' id='word_1_183' title='bbox 1633 1819 1765 1871; x_wconf 86' lang='lat' dir='ltr'>parte</span> <span class='ocrx_word' id='word_1_184' title='bbox 1791 1807 1908 1855; x_wconf 87' lang='lat' dir='ltr'>late-</span> 
     </span>
     <span class='ocr_line' id='line_1_24' title="bbox 118 1875 1906 1944; baseline -0.003 -10"><span class='ocrx_word' id='word_1_185' title='bbox 118 1885 182 1934; x_wconf 89' lang='lat' dir='ltr'>ris</span> <span class='ocrx_word' id='word_1_186' title='bbox 203 1880 393 1936; x_wconf 67' lang='lat' dir='ltr'>(inimi,</span> <span class='ocrx_word' id='word_1_187' title='bbox 432 1879 590 1930; x_wconf 87' lang='lat' dir='ltr'>Costae</span> <span class='ocrx_word' id='word_1_188' title='bbox 615 1875 985 1944; x_wconf 71' lang='lat' dir='ltr'>propemodum</span> <span class='ocrx_word' id='word_1_189' title='bbox 1009 1896 1189 1931; x_wconf 87' lang='lat' dir='ltr'>omnes</span> <span class='ocrx_word' id='word_1_190' title='bbox 1214 1883 1374 1931; x_wconf 86' lang='lat' dir='ltr'>adhuc</span> <span class='ocrx_word' id='word_1_191' title='bbox 1401 1882 1683 1932; x_wconf 84' lang='lat' dir='ltr'>succulentae</span> <span class='ocrx_word' id='word_1_192' title='bbox 1705 1881 1831 1936; x_wconf 83' lang='lat' dir='ltr'>visu,</span> <span class='ocrx_word' id='word_1_193' title='bbox 1858 1882 1906 1930; x_wconf 73' lang='grc' dir='ltr'>ὅ(</span> 
     </span>
     <span class='ocr_line' id='line_1_25' title="bbox 118 1954 1908 2021; baseline -0.001 -13"><span class='ocrx_word' id='word_1_194' title='bbox 118 1958 248 2008; x_wconf 68' lang='lat' dir='ltr'>tastu</span> <span class='ocrx_word' id='word_1_195' title='bbox 275 1954 404 2020; x_wconf 79' lang='lat' dir='ltr'>quasi</span> <span class='ocrx_word' id='word_1_196' title='bbox 430 1954 732 2019; x_wconf 81' lang='lat' dir='ltr'>oleoginosae</span> <span class='ocrx_word' id='word_1_197' title='bbox 755 1969 1002 2021; x_wconf 84' lang='lat' dir='ltr'>apparent.</span> <span class='ocrx_word' id='word_1_198' title='bbox 1076 1957 1240 2021; x_wconf 86' lang='lat' dir='ltr'>Caput</span> <span class='ocrx_word' id='word_1_199' title='bbox 1263 1957 1476 2021; x_wconf 60' lang='lat' dir='ltr'>respectu</span> <span class='ocrx_word' id='word_1_200' title='bbox 1505 1957 1608 2007; x_wconf 82' lang='lat' dir='ltr'>visae</span> <span class='ocrx_word' id='word_1_201' title='bbox 1632 1957 1908 2021; x_wconf 85' lang='lat' dir='ltr'>peripheriae</span> 
     </span>
     <span class='ocr_line' id='line_1_26' title="bbox 119 2031 1903 2096; baseline -0.001 -14"><span class='ocrx_word' id='word_1_202' title='bbox 119 2044 327 2082; x_wconf 79' lang='lat' dir='ltr'>externae</span> <span class='ocrx_word' id='word_1_203' title='bbox 346 2043 510 2078; x_wconf 88' lang='lat' dir='ltr'>totum</span> <span class='ocrx_word' id='word_1_204' title='bbox 533 2032 806 2096; x_wconf 82' lang='lat' dir='ltr'>integrum3</span> <span class='ocrx_word' id='word_1_205' title='bbox 849 2031 1045 2081; x_wconf 86' lang='lat' dir='ltr'>Maxilla</span> <span class='ocrx_word' id='word_1_206' title='bbox 1071 2044 1291 2095; x_wconf 86' lang='lat' dir='ltr'>utraque,</span> <span class='ocrx_word' id='word_1_207' title='bbox 1312 2033 1526 2096; x_wconf 87' lang='lat' dir='ltr'>superior</span> <span class='ocrx_word' id='word_1_208' title='bbox 1552 2047 1747 2096; x_wconf 87' lang='lat' dir='ltr'>nempe,</span> <span class='ocrx_word' id='word_1_209' title='bbox 1769 2033 1811 2079; x_wconf 76' lang='grc' dir='ltr'>ὅ(</span> <span class='ocrx_word' id='word_1_210' title='bbox 1836 2032 1903 2080; x_wconf 88' lang='lat' dir='ltr'>in·</span> 
     </span>
     <span class='ocr_line' id='line_1_27' title="bbox 119 2103 1903 2170; baseline -0.001 -14"><span class='ocrx_word' id='word_1_211' title='bbox 119 2108 269 2156; x_wconf 81' lang='lat' dir='ltr'>ferior</span> <span class='ocrx_word' id='word_1_212' title='bbox 292 2143 305 2163; x_wconf 91' lang='lat'>,</span> <span class='ocrx_word' id='word_1_213' title='bbox 338 2105 573 2154; x_wconf 88' lang='lat' dir='ltr'>dentibus</span> <span class='ocrx_word' id='word_1_214' title='bbox 606 2107 656 2154; x_wconf 90' lang='lat' dir='ltr'>in</span> <span class='ocrx_word' id='word_1_215' title='bbox 696 2118 898 2170; x_wconf 87' lang='lat' dir='ltr'>utraque</span> <span class='ocrx_word' id='word_1_216' title='bbox 925 2108 1124 2170; x_wconf 81' lang='lat' dir='ltr'>integris</span> <span class='ocrx_word' id='word_1_217' title='bbox 1149 2105 1276 2155; x_wconf 78' lang='lat' dir='ltr'>adeo</span> <span class='ocrx_word' id='word_1_218' title='bbox 1301 2103 1426 2156; x_wconf 66' lang='lat' dir='ltr'>anile*</span> <span class='ocrx_word' id='word_1_219' title='bbox 1453 2106 1616 2156; x_wconf 79' lang='lat' dir='ltr'>clausis</span> <span class='ocrx_word' id='word_1_220' title='bbox 1640 2109 1903 2169; x_wconf 85' lang='lat' dir='ltr'>reperitur,</span> 
     </span>
     <span class='ocr_line' id='line_1_28' title="bbox 119 2177 1901 2245; baseline -0.001 -14"><span class='ocrx_word' id='word_1_221' title='bbox 119 2194 174 2231; x_wconf 93' lang='lat' dir='ltr'>ut</span> <span class='ocrx_word' id='word_1_222' title='bbox 199 2177 259 2229; x_wconf 75' lang='lat' dir='ltr'>ne</span> <span class='ocrx_word' id='word_1_223' title='bbox 288 2177 626 2229; x_wconf 79' lang='lat' dir='ltr'>tenuissimum</span> <span class='ocrx_word' id='word_1_224' title='bbox 651 2179 792 2229; x_wconf 73' lang='lat' dir='ltr'>filum</span> <span class='ocrx_word' id='word_1_225' title='bbox 818 2183 940 2229; x_wconf 87' lang='lat' dir='ltr'>intra</span> <span class='ocrx_word' id='word_1_226' title='bbox 963 2182 1131 2230; x_wconf 85' lang='lat' dir='ltr'>dentes</span> <span class='ocrx_word' id='word_1_227' title='bbox 1156 2183 1347 2245; x_wconf 88' lang='lat' dir='ltr'>imponi</span> <span class='ocrx_word' id='word_1_228' title='bbox 1373 2180 1526 2245; x_wconf 74' lang='lat' dir='ltr'>possit.</span> <span class='ocrx_word' id='word_1_229' title='bbox 1606 2183 1803 2231; x_wconf 79' lang='lat' dir='ltr'>Maxilla</span> <span class='ocrx_word' id='word_1_230' title='bbox 1822 2196 1901 2229; x_wconf 86' lang='lat' dir='ltr'>au·</span> 
     </span>
     <span class='ocr_line' id='line_1_29' title="bbox 117 2253 1901 2320; baseline -0.001 -15"><span class='ocrx_word' id='word_1_231' title='bbox 117 2268 220 2305; x_wconf 88' lang='lat' dir='ltr'>tem</span> <span class='ocrx_word' id='word_1_232' title='bbox 242 2255 477 2304; x_wconf 86' lang='lat' dir='ltr'>inferiore</span> <span class='ocrx_word' id='word_1_233' title='bbox 501 2260 668 2307; x_wconf 65' lang='lat' dir='ltr'>amota</span> <span class='ocrx_word' id='word_1_234' title='bbox 692 2293 706 2314; x_wconf 93' lang='lat'>‚</span> <span class='ocrx_word' id='word_1_235' title='bbox 744 2256 946 2305; x_wconf 88' lang='lat' dir='ltr'>adverto</span> <span class='ocrx_word' id='word_1_236' title='bbox 971 2292 984 2313; x_wconf 87' lang='lat'>,</span> <span class='ocrx_word' id='word_1_237' title='bbox 1025 2268 1203 2305; x_wconf 87' lang='lat' dir='ltr'>terram</span> <span class='ocrx_word' id='word_1_238' title='bbox 1236 2258 1364 2306; x_wconf 86' lang='lat' dir='ltr'>intus</span> <span class='ocrx_word' id='word_1_239' title='bbox 1390 2256 1480 2307; x_wconf 84' lang='lat' dir='ltr'>esse</span> <span class='ocrx_word' id='word_1_240' title='bbox 1504 2293 1517 2315; x_wconf 89' lang='lat'>,</span> <span class='ocrx_word' id='word_1_241' title='bbox 1560 2258 1647 2306; x_wconf 84' lang='lat' dir='ltr'>hac</span> <span class='ocrx_word' id='word_1_242' title='bbox 1672 2253 1901 2320; x_wconf 64' lang='lat' dir='ltr'>separata,</span> 
     </span>
     <span class='ocr_line' id='line_1_30' title="bbox 116 2328 1900 2395; baseline -0.001 -14"><span class='ocrx_word' id='word_1_243' title='bbox 116 2331 338 2381; x_wconf 87' lang='lat' dir='ltr'>Calvaria</span> <span class='ocrx_word' id='word_1_244' title='bbox 364 2328 604 2394; x_wconf 74' lang='lat' dir='ltr'>expolita,</span> <span class='ocrx_word' id='word_1_245' title='bbox 641 2330 844 2380; x_wconf 86' lang='lat' dir='ltr'>adverto</span> <span class='ocrx_word' id='word_1_246' title='bbox 866 2333 1061 2395; x_wconf 87' lang='lat' dir='ltr'>copiam</span> <span class='ocrx_word' id='word_1_247' title='bbox 1093 2343 1227 2380; x_wconf 82' lang='lat' dir='ltr'>terrae</span> <span class='ocrx_word' id='word_1_248' title='bbox 1252 2334 1301 2381; x_wconf 88' lang='lat' dir='ltr'>in</span> <span class='ocrx_word' id='word_1_249' title='bbox 1328 2332 1503 2381; x_wconf 87' lang='lat' dir='ltr'>eadem</span> <span class='ocrx_word' id='word_1_250' title='bbox 1529 2333 1752 2381; x_wconf 83' lang='lat' dir='ltr'>Calvaria</span> <span class='ocrx_word' id='word_1_251' title='bbox 1781 2329 1900 2385; x_wconf 80' lang='lat' dir='ltr'>effe,</span> 
     </span>
     <span class='ocr_line' id='line_1_31' title="bbox 117 2400 1902 2471; baseline 0 -17"><span class='ocrx_word' id='word_1_252' title='bbox 117 2404 208 2454; x_wconf 88' lang='lat' dir='ltr'>hac</span> <span class='ocrx_word' id='word_1_253' title='bbox 234 2400 387 2454; x_wconf 65' lang='lat' dir='ltr'>effusa</span> <span class='ocrx_word' id='word_1_254' title='bbox 410 2442 422 2461; x_wconf 88' lang='lat'>,</span> <span class='ocrx_word' id='word_1_255' title='bbox 460 2406 663 2454; x_wconf 87' lang='lat' dir='ltr'>invenio</span> <span class='ocrx_word' id='word_1_256' title='bbox 688 2406 1014 2455; x_wconf 63' lang='lat' dir='ltr'>adhaerentem</span> <span class='ocrx_word' id='word_1_257' title='bbox 1044 2407 1298 2471; x_wconf 85' lang='lat' dir='ltr'>paululum</span> <span class='ocrx_word' id='word_1_258' title='bbox 1324 2409 1543 2457; x_wconf 81' lang='lat' dir='ltr'>excidere</span> <span class='ocrx_word' id='word_1_259' title='bbox 1565 2408 1782 2471; x_wconf 80' lang='lat' dir='ltr'>aliquam</span> <span class='ocrx_word' id='word_1_260' title='bbox 1818 2421 1902 2469; x_wconf 90' lang='lat' dir='ltr'>pe·</span> 
     </span>
     <span class='ocr_line' id='line_1_32' title="bbox 117 2474 1897 2545; baseline -0.001 -16"><span class='ocrx_word' id='word_1_261' title='bbox 117 2480 354 2529; x_wconf 86' lang='lat' dir='ltr'>culiarem</span> <span class='ocrx_word' id='word_1_262' title='bbox 381 2474 714 2538; x_wconf 85' lang='lat' dir='ltr'>substantiam,</span> <span class='ocrx_word' id='word_1_263' title='bbox 748 2480 959 2545; x_wconf 69' lang='lat' dir='ltr'>eamque</span> <span class='ocrx_word' id='word_1_264' title='bbox 985 2482 1221 2534; x_wconf 85' lang='lat' dir='ltr'>mollem,</span> <span class='ocrx_word' id='word_1_265' title='bbox 1264 2483 1448 2538; x_wconf 77' lang='lat' dir='ltr'>laxam,</span> <span class='ocrx_word' id='word_1_266' title='bbox 1482 2486 1636 2531; x_wconf 80' lang='lat' dir='ltr'>rara&#39;m</span> <span class='ocrx_word' id='word_1_267' title='bbox 1654 2521 1665 2539; x_wconf 91' lang='lat'>,</span> <span class='ocrx_word' id='word_1_268' title='bbox 1691 2485 1734 2530; x_wconf 65' lang='grc' dir='ltr'>ὅ(</span> <span class='ocrx_word' id='word_1_269' title='bbox 1763 2481 1897 2543; x_wconf 82' lang='lat' dir='ltr'>spon·</span> 
     </span>
     <span class='ocr_line' id='line_1_33' title="bbox 117 2551 1899 2621; baseline 0 -17"><span class='ocrx_word' id='word_1_270' title='bbox 117 2554 335 2621; x_wconf 84' lang='lat' dir='ltr'>giosatn,</span> <span class='ocrx_word' id='word_1_271' title='bbox 361 2551 487 2605; x_wconf 75' lang='lat' dir='ltr'>adeo</span> <span class='ocrx_word' id='word_1_272' title='bbox 512 2552 652 2621; x_wconf 76' lang='lat' dir='ltr'>quod</span> <span class='ocrx_word' id='word_1_273' title='bbox 674 2555 797 2606; x_wconf 85' lang='lat' dir='ltr'>nihil</span> <span class='ocrx_word' id='word_1_274' title='bbox 819 2557 950 2607; x_wconf 88' lang='lat' dir='ltr'>aliud</span> <span class='ocrx_word' id='word_1_275' title='bbox 973 2556 1189 2619; x_wconf 79' lang='lat' dir='ltr'>judicem</span> <span class='ocrx_word' id='word_1_276' title='bbox 1213 2556 1331 2618; x_wconf 81' lang='lat' dir='ltr'>effe,</span> <span class='ocrx_word' id='word_1_277' title='bbox 1357 2556 1443 2608; x_wconf 84' lang='lat' dir='ltr'>nifi</span> <span class='ocrx_word' id='word_1_278' title='bbox 1471 2573 1635 2609; x_wconf 83' lang='lat' dir='ltr'>veram</span> <span class='ocrx_word' id='word_1_279' title='bbox 1659 2559 1899 2620; x_wconf 79' lang='lat' dir='ltr'>linguam,</span> 
     </span>
    </p>

    <p class='ocr_par' dir='ltr' id='par_1_8' title="bbox 1676 2646 1829 2680">
     <span class='ocr_line' id='line_1_34' title="bbox 1676 2646 1829 2680; baseline -0.013 0"><span class='ocrx_word' id='word_1_280' title='bbox 1676 2646 1829 2680; x_wconf 81' lang='lat' dir='ltr'>maxi-</span> 
     </span>
    </p>
   </div>
  </div>
 </body>
</html>
