2180 2833
235 151 309 214 28
567 116 570 119 Ι
733 140 851 200 Wta
873 131 1169 217 S.30ann1·s
1190 134 1532 210 Nepomuceni

238 286 333 338 gna
359 265 643 323 exardescit,
678 264 862 327 lampas
898 260 1177 313 nitidissime
1212 262 1359 313 lucet.
1435 263 1653 313 Territus
1691 265 1763 314 rei
1800 267 2020 317 novitate

235 346 447 396 ocularis
471 343 554 391 ille
579 341 762 393 servus,
778 338 953 388 fatetur
978 338 1098 402 quid
1121 335 1310 402 egisset:
1350 350 1556 401 uterque
1577 339 1792 403 agnoscit
1808 344 2017 390 miracu-

235 421 368 470 lum:
413 417 568 480 plures
590 412 797 462 ecclesiae
824 413 1029 462 Ministri
1053 413 1352 461 advocantur
1378 425 1392 460 ε
1433 428 1538 461 rem
1565 415 1631 461 ita
1657 413 1702 461 se
1727 415 1906 464 habere
1937 416 2023 466 de-

235 491 573 560 prehendunt,
609 489 773 537 Deum
797 491 846 537 in
881 489 1018 537 servo
1045 487 1130 535 suo
1155 488 1200 536 Si
1228 489 1417 555 Joanne
1441 485 1787 551 glorificantes,

435 575 515 629 30.
553 564 652 612 Stat
679 565 813 625 super
847 562 892 611 S.
922 558 1118 623 Joannis
1141 561 1420 610 Tumulum
1447 562 1798 610 candelabrum
1837 577 1894 611 ex
1926 563 2022 612 ori-

238 641 411 692 chalco
436 641 633 702 ingens,
654 640 794 695 cujus
820 638 998 701 pedem
1024 634 1416 685 artificiosiffirnis
1445 636 1602 684 statuis
1638 651 1906 699 puerorum
1933 652 2021 686 un-

236 717 387 778 dique
415 714 720 769 ludentium,
744 707 951 775 aliisque
979 713 1278 775 imaginibus
1306 713 1439 759 aereis
1465 711 1770 768 distinstum‚
1792 713 1918 759 inter
1940 726 2021 760 ce-

234 803 338 840 tera
364 788 544 852 spolia,
585 787 735 835 excisa
757 787 876 835 urbe
903 784 1253 834 Mediolanensi
1273 784 1299 832 a
1321 785 1561 833 Friderico
1585 783 1855 833 Barbaroffa
1867 784 2020 834 Caesa-

235 881 316 918 re,
357 862 683 912 Wlasdislaus
706 860 956 909 Bohemiae
974 861 1077 908 Rex
1100 860 1219 908 belli
1251 857 1557 916 ejusiocius‚
1595 873 1708 907 ante
1726 874 1881 907 annos
1907 859 2020 908 faci·

234 940 282 988 le
305 942 634 1003 quingentos;
670 935 805 999 quod
831 950 887 982 ex
912 934 1193 982 Salomonis
1225 934 1415 996 templo
1438 932 1571 982 fuisse
1608 935 1877 987 diceretur,
1912 933 2021 982 Pra-

232 1029 351 1078 gam
378 1013 627 1068 attulerat,
654 1012 700 1057 &
725 1008 932 1057 ecclesiae
956 1010 999 1057 S.
1025 1009 1128 1057 Viti
1152 1009 1368 1056 donarat.
1460 1008 1581 1055 Eum
1607 1008 1809 1070 pedem,
1837 1007 2021 1065 adjecta

236 1101 367 1136 nova
387 1085 550 1138 mole,
574 1085 669 1136 iam
696 1084 755 1131 ab
779 1087 916 1131 annis
941 1096 1142 1130 centum
1167 1083 1452 1146 octoginta,
1475 1083 1743 1143 antiquitas
1768 1085 1818 1128 in
1843 1082 2021 1130 cande·

232 1162 358 1212 labri
380 1160 596 1209 formam
623 1159 873 1222 eleganter
894 1159 1072 1220 aptavit
1091 1194 1103 1211 ‚
1129 1158 1174 1203 ὅ(
1204 1156 1453 1218 sepulchro
1474 1157 1520 1204 S.
1535 1157 1737 1224 Joannis
1759 1155 2018 1218 imposuit3

230 1237 369 1300 quod
395 1237 444 1282 in
473 1233 806 1292 manuscriptis
835 1231 1007 1294 templi
1031 1231 1289 1279 codicibus
1315 1246 1417 1276 non
1453 1231 1618 1286 aliter,
1652 1245 1803 1292 quam
1825 1228 2021 1278 Cande-

235 1311 433 1361 labrum
466 1308 509 1356 S.
536 1308 739 1375 Joannis
765 1306 1045 1368 appellatur.
1124 1305 1173 1351 Id
1198 1304 1547 1352 candelabrum
1586 1303 1745 1351 nostra
1775 1304 2023 1351 memoria

236 1385 517 1434 ornandum
549 1380 632 1428 sibi
665 1379 861 1442 sumpsit
885 1376 1222 1427 Serenissimus
1248 1378 1493 1426 Archidux
1521 1377 1828 1441 Leopoldus‚
1865 1376 2022 1425 Perdi·

234 1459 386 1509 nandr
408 1457 484 1504 lll.
513 1455 708 1505 Caeiaris
735 1454 907 1509 frater,
932 1455 977 1497 &
1006 1453 1174 1496 statuas
1201 1457 1434 1494 omnium
1459 1453 1749 1495 Sanctorum
1774 1451 2023 1498 Bohemiae

234 1533 562 1583 Patronorum
579 1566 592 1587 ‚
617 1528 704 1576 suo
729 1540 988 1589 quemque
1012 1526 1060 1571 in
1086 1523 1251 1570 habitu
1295 1520 1457 1587 (quos
1483 1524 1605 1569 inter
1628 1521 1672 1570 S.
1695 1521 1910 1588 Joannes
1933 1537 2021 1572 no-

230 1607 321 1657 ster
348 1601 613 1667 spectatur)
647 1602 819 1650 itidem
845 1616 901 1648 ex
946 1598 1195 1646 orichalco
1231 1600 1411 1658 apponi
1434 1593 1555 1651 jussit
1579 1632 1592 1652 ‚
1641 1593 1840 1658 superne
1870 1599 1919 1645 in
1944 1611 2025 1647 or.

235 1682 357 1730 bem
385 1678 515 1742 quasi
542 1680 591 1724 in
617 1690 799 1725 corona
815 1674 1040 1721 stantium
1057 1668 1396 1735 gratiofiffimo
1411 1671 1680 1727 spectaculo
1693 1669 2020 1720 effifihsabo.

236 1758 313 1804 nis
338 1751 602 1802 artificibus
620 1788 631 1807 ,
659 1763 713 1798 ut
740 1760 841 1797 erat
866 1748 1089 1809 Princeps
1112 1748 1290 1792 artium
1318 1747 1563 1802 ejusmodi
1587 1743 1937 1792 amantissimus
1973 1747 2022 1794 &

235 1830 493 1877 aestimator
516 1822 840 1889 peritissimus
919 1822 1029 1869 Hoc
1057 1834 1180 1882 opus
1204 1833 1422 1873 novum,
1452 1833 1568 1865 cum
1598 1818 1836 1880 sacrilegis
1858 1819 2020 1867 oculis

237 1906 441 1966 quidam
468 1896 661 1949 fuissent
679 1898 876 1957 intuiti,
900 1896 947 1943 ὃ(
971 1909 1145 1943 aurum
1164 1892 1253 1942 esse
1279 1894 1562 1949 crederent3
1601 1893 1864 1953 cupiditate
1887 1893 2017 1951 visti,

236 1977 501 2026 defraCtam
529 1974 573 2023 S.
597 1974 801 2041 Joannis
835 1969 1063 2026 statuam,
1095 1983 1202 2032 quae
1231 1970 1401 2016 ceteris
1435 1966 1692 2014 videbatur
1727 1964 2018 2026 formosior,

235 2047 453 2110 rapuere.
533 2049 765 2112 Magnam
793 2045 886 2094 illis
902 2043 1199 2108 sacrilegium
1224 2043 1562 2090 attulitcurarn
1580 2073 1592 2092 ‚
1611 2041 1793 2104 quippe
1815 2040 1900 2088 diu
1925 2055 2020 2088 no-

237 2125 418 2188 &i'ique
445 2124 713 2172 laniabatur
737 2121 1038 2183 intemperiis
1063 2132 1235 2177 mens,
1273 2130 1325 2164 ut
1360 2131 1451 2164 nec
1486 2116 1715 2163 somnum
1752 2130 1846 2162 nec
1880 2116 2019 2178 quie-

239 2213 341 2248 tern
379 2201 530 2247 ullam
564 2212 735 2259 capere
765 2193 961 2258 poss'ent.
1037 2192 1204 2240 AdaCti
1234 2193 1379 2255 igitur
1406 2205 1432 2238 a
1457 2192 1710 2238 monitore
1745 2190 1791 2235 ὅ(
1828 2201 2016 2238 tortore

238 2275 452 2330 affiduO,
473 2287 628 2335 quem
655 2271 898 2318 habebant
923 2270 1080 2319 intus,
1111 2267 1321 2315 retulere
1345 2266 1573 2313 statuam:
1601 2266 1646 2311 ὅτ
1676 2263 1735 2312 ad
1759 2263 2015 2312 tumulum

237 2350 284 2398 S.
310 2350 539 2417 Joannis,
572 2360 689 2392 mox
725 2344 784 2392 ad
818 2345 1000 2392 sacrum
1030 2342 1328 2390 Poenitentiae
1361 2339 1572 2389 tribunal
1603 2338 1863 2393 advoluti,
1903 2352 2013 2387 rem

243 2439 452 2472 omnem
476 2419 818 2469 Sacerdotibus
840 2413 1085 2481 aperuere.
1368 2461 1374 2467 ,

431 2514 451 2554 3
473 2508 511 2541 t.
552 2494 794 2542 Hffieuus
825 2491 885 2540 de
927 2492 972 2541 S.
998 2491 1201 2559 Joannis
1227 2488 1574 2553 Nepomuceni
1599 2489 1716 2536 Vita
1741 2488 1788 2535 ὃ(
1811 2487 2026 2551 Miracuf

235 2571 292 2621 lis
316 2572 606 2623 concinnata
638 2569 879 2622 Narratio.
954 2566 1107 2618 Porro
1139 2580 1204 2616 ne
1229 2579 1382 2630 quem
1410 2574 1492 2615 lua
1526 2564 1668 2615 laude
1697 2561 2019 2624 defraudem,

1781 2649 1943 2701 praecr-
