2180 2833
569 108 708 170 Wtae
729 108 780 168 S.
794 103 1030 190 [joannis
1053 110 1395 186 Nepomuceni
1417 110 1519 171 M.
1861 131 1945 192 41.

162 233 492 287 lustriffirnum
521 272 535 294 ‚
572 235 620 284 ὅ(
646 234 1115 285 Κενεϊεηάῐίῑῖωυω
1141 235 1200 285 D.
1226 235 1511 302 Episcopum
1538 236 1825 303 Agricnsem
1854 258 1940 293 co-

164 311 269 361 ram
293 310 557 374 aliquando
580 309 889 372 audivimus)
930 312 1125 361 tandem
1149 313 1199 360 in
1225 324 1339 361 vota
1367 312 1560 362 Austriae
1582 313 1816 363 conceffit
1833 349 1843 367 ‚
1882 334 1938 368 ac

163 384 313 434 causae
337 385 480 445 hujus
501 385 773 434 Ponentem
796 421 810 443 ‚
849 400 905 434 ac
927 385 1298 435 Procuratorem
1322 388 1597 435 nominavit
1620 389 1942 440 Eminentisfi-

164 475 307 509 mum
333 459 647 508 Cardinalem
673 460 734 508 ab
762 458 942 510 Althan
968 491 981 513 ‚
1023 455 1290 524 motusque
1321 457 1530 524 amplius
1560 461 1851 526 supplicibus
1882 465 1940 517 ea

164 534 302 596 super
326 549 376 583 re
403 535 553 583 literis
577 550 633 583 ex
657 536 801 582 omni
830 534 1183 599 septentrione,
1209 535 1551 599 Augustarum,
1570 533 1939 605 Regiarumque

158 607 496 667 Maiestatum‚
522 609 897 673 Purpuratorum
922 609 1176 672 utriusque
1203 609 1297 658 fori
1322 610 1629 673 Principum,
1655 612 1939 677 Praesulurn,

161 682 487 746 Religionum
516 720 529 739 ‚
567 683 615 729 ὅ(
642 682 1017 731 Academiarum
1050 678 1200 746 prope
1223 685 1580 748 quinquagenis
1603 701 1734 735 anno
1770 705 1939 752 1719,

162 756 210 803 ὅ(
241 768 393 816 1720.
419 756 791 813 advolantibu3‚
825 758 924 805 iam
945 757 1414 821 Congt·egationum
1441 759 1680 808 terminos
1705 761 1938 815 definive-

162 841 236 879 rat
255 866 269 888 ‚
311 831 361 878 in
389 829 567 894 quibus
589 830 652 879 de
677 830 823 878 causae
847 831 1216 880 introdufflone
1237 869 1251 888 ‚
1288 829 1671 882 confirmatione
1693 834 1938 889 sententiae

163 902 422 969 Pragenfis,
438 905 481 952 ὅ(
504 904 832 953 concedendis
860 905 1016 964 missa,
1040 921 1095 954 ac
1120 905 1289 954 officio
1310 905 1676 956 decernendum
1702 911 1939 965 &animo

161 979 209 1026 ὃ(
235 977 387 1028 causae
413 978 831 1028 introductionem
854 980 954 1027 iam
982 981 1269 1041 probaverat
1292 1016 1304 1034 ,
1345 978 1706 1044 fignaverstque
1730 1021 1743 1042 ‚
1780 987 1825 1033 ὃς
1849 1002 1939 1052 pro

160 1051 543 1100 confirmatione
568 1053 733 1108 judicii
757 1051 1195 1116 ArchiEpiscopalis
1218 1053 1446 1101 statutum
1473 1067 1720 1113 erat‚cum
1747 1061 1830 1122 pio
1854 1077 1938 1112 ne-

160 1126 304 1189 gotio
326 1120 380 1173 ut
402 1121 672 1188 plurimum
696 1125 906 1174 ferventi
930 1141 1077 1175 manu
1104 1127 1278 1177 ultima
1302 1128 1527 1177 nondum
1553 1130 1772 1193 imposita
1802 1135 1938 1185 idem

160 1198 487 1249 Sanctiffimus
514 1198 750 1249 Clemens
777 1200 854 1248 XI.
881 1215 1014 1249 anno
1050 1216 1202 1260 1721.
1230 1198 1338 1250 fatis
1361 1202 1554 1252 funClus
1579 1218 1787 1258 vacuam
1812 1209 1938 1261 Petri

160 1272 328 1322 sedem
354 1271 600 1321 successori
626 1274 923 1323 Innocentio
950 1274 1151 1324 decimo
1175 1278 1319 1325 tertio
1345 1276 1559 1340 reliquit.

290 1346 416 1395 Illud
438 1343 685 1395 memoria
708 1346 931 1411 dignum,
953 1349 1091 1412 quod
1115 1350 1166 1397 in
1191 1351 1353 1415 primo
1379 1351 1612 1414 processu,
1634 1354 1684 1402 in
1709 1371 1816 1419 quo
1836 1360 1937 1423 agi.

161 1433 319 1471 tatum
347 1432 473 1475 erat,
494 1435 554 1470 an
582 1420 632 1470 fit
655 1420 885 1485 signanda
909 1421 1194 1473 commiffio
1220 1425 1595 1475 introductionis
1618 1430 1768 1478 causae
1787 1433 1838 1480 in
1861 1448 1940 1483 ca.

160 1494 216 1546 su
248 1495 498 1560 praesente‚
531 1494 628 1559 ipse
661 1495 1109 1545 Reverendissimus
1143 1499 1407 1547 Promotor
1444 1499 1574 1548 Fidei
1604 1517 1774 1553 coram
1814 1505 1940 1559 sacra

158 1572 344 1620 rituum
366 1571 750 1635 congregatione
774 1572 824 1619 in
845 1571 1346 1622 animadversionibus
1363 1574 1457 1622 suis
1478 1589 1579 1623 non
1601 1576 1760 1627 modo
1776 1580 1938 1643 palam

158 1643 470 1709 profiteretur
494 1643 796 1695 validitatem
820 1645 1060 1710 processus
1083 1644 1229 1696 huius
1256 1644 1372 1701 rite,
1405 1643 1632 1712 resteque
1658 1652 1702 1700 se
1727 1653 1935 1712 habere,

159 1717 455 1783 nullumque
479 1720 584 1768 elus
606 1721 761 1768 menti
787 1720 1065 1779 scrupulum
1092 1721 1256 1780 quoad
1282 1722 1381 1769 hoc
1406 1722 1654 1780 inhaerere,
1680 1725 1756 1775 sed
1781 1730 1934 1780 etIam

157 1792 320 1856 postea
344 1821 359 1845 ‚
398 1804 503 1855 quae
528 1789 589 1839 de
612 1803 754 1839 more
780 1789 842 1839 ab
864 1804 929 1839 eo
953 1793 1141 1856 opponi
1167 1791 1355 1853 solent,
1393 1794 1684 1855 subjunxerit
1705 1802 1933 1864 protesta-

156 1868 350 1926 tionem
376 1864 667 1928 sequentem
691 1886 700 1913 :

286 1940 400 1989 Haec
424 1952 592 1988 autem
619 1938 746 1988 dista
772 1937 884 1999 fint,
911 1951 962 1989 ut
989 1942 1181 1991 muneri
1206 1959 1325 1993 meo
1350 1942 1667 2005 satisfaciam,
1701 1949 1746 1998 δε
1774 1962 1830 2000 ut
1854 1967 1935 2005 ve.

158 2016 270 2064 ritas
294 2014 359 2062 eo
382 2012 537 2078 magis
562 2012 825 2069 elucescat,
859 2030 1007 2078 quam
1032 2017 1431 2080 protestationem
1457 2018 1601 2069 tacite
1620 2024 1669 2070 in
1695 2027 1934 2079 omnibus

157 2087 305 2137 causis
337 2086 486 2136 huius
521 2089 710 2152 generis
735 2120 748 2142 ‚
785 2091 834 2137 in
858 2091 1033 2154 quibus
1060 2091 1218 2138 scribo
1239 2104 1471 2155 tanquam
1499 2093 1610 2143 fidei
1637 2097 1931 2159 promotor,

156 2163 317 2220 facio²
338 2163 384 2209 ὃ(
411 2164 461 2210 in
485 2162 618 2212 causa
645 2162 859 2225 praesenti
883 2163 1096 2227 expresse
1123 2167 1330 2219 emitto,
1372 2182 1428 2215 ex
1454 2183 1556 2231 quo
1581 2171 1628 2217 in
1653 2177 1821 2221 Συκίτην.
1845 2174 1930 2224 hu·

139 2239 275 2307 jnsce
298 2232 427 2302 causi
454 2253 574 2285 mun.
597 2254 674 2294 19.
727 2236 893 2287 Testes
911 2274 924 2296 ,
953 2239 998 2286 δε
1027 2240 1291 2303 Scriptores
1316 2241 1461 2290 video
1487 2257 1818 2308 memora-tos,
1841 2254 1931 2315 qui

155 2313 330 2361 dicunt
353 2310 676 2360 infortunium
701 2312 902 2376 aliquod
930 2310 1024 2362 five
1048 2315 1099 2361 in
1125 2325 1348 2377 corpore,
1364 2315 1456 2364 ssve
1481 2318 1530 2365 in
1556 2317 1684 2368 fama
1710 2336 1812 2371 non
1831 2328 1931 2376 evi.

154 2389 244 2437 tari
268 2386 329 2435 ab
354 2400 442 2443 e0,
480 2387 565 2450 qui
589 2386 909 2437 Sanstitatem
933 2387 1067 2439 Servi
1091 2388 1188 2440 Dei
1211 2390 1412 2459 Joannis
1436 2392 1722 2459 impugnat,
1760 2412 1843 2450 aut
1866 2400 1930 2452 de

152 2461 237 2512 illa
260 2460 464 2509 dubitat.

293 2536 458 2602 Quare
481 2534 571 2586 ἃς.

1159 2614 1192 2666 F
1760 2625 1870 2674 Pro-
