2180 2833
581 105 720 168 Vitae
742 105 794 163 S.
804 100 1040 185 joannis
1061 104 1406 179 Nepomuceni
1426 101 1521 160 M.
1869 117 1942 180 37

148 247 285 284 anno
315 231 498 297 1721.)
528 231 718 281 cultum
743 230 878 281 hunc
903 241 1230 281 monumenta
1254 227 1431 292 posita,
1458 226 1644 278 fundati
1670 228 1810 293 ignes
1832 244 1938 295 per-

147 311 282 373 petui
307 344 320 365 ‚
354 307 475 354 radii
499 306 802 371 imaginibus
829 307 936 355 eius
960 305 1137 370 adpisti
1163 342 1176 362 ‚
1220 302 1383 353 firmat
1408 304 1622 367 denique
1645 304 1840 353 traditio
1855 307 1935 356 Pa-

147 394 281 431 trum
309 379 611 438 nostrorum,
636 375 950 444 aliorumque
978 382 1196 429 virorum
1225 377 1625 443 Apostolicorum
1651 379 1710 427 ad
1739 394 1830 428 nos
1856 395 1927 429 us-

144 471 244 520 que
283 455 509 519 perducta
535 488 548 510 ,
587 455 800 520 plurium
834 453 1224 520 gravissimorum
1261 452 1454 502 testium
1490 453 1740 502 affertione
1775 451 1934 511 jurato

141 527 357 595 deposita
385 529 573 580 firmata
602 568 615 590 ,
654 531 700 578 ἃ
729 531 844 594 quia
874 531 1035 594 gratiae
1057 566 1071 587 ‚
1111 543 1231 592 quas
1256 528 1393 577 Deus
1421 542 1504 592 per
1534 526 1929 579 intercessionem

141 603 288 664 hujus
322 605 472 654 sanffi
499 606 720 669 Martyris
749 604 1014 654 liberaliter
1040 601 1196 665 sparsit
1219 640 1231 660 ‚
1271 603 1428 652 indies
1455 602 1928 666 multiplicabantur,

141 682 294 730 crevit
318 680 503 737 cultuS,
526 681 572 727 ὅ(
597 695 679 743 per
705 693 885 728 omnes
912 674 1083 727 mundi
1107 689 1263 741 partes
1290 676 1384 725 sese
1405 678 1650 734 dilatavit,
1677 676 1737 726 sic
1760 679 1842 726 ibi.

278 755 400 818 Qae
429 753 634 817 quidem
658 791 671 811 ‚
712 752 1003 816 posteriores
1029 747 1243 800 maxime
1267 750 1638 814 Archipraesules
1667 752 1926 816 Pragenses

141 828 240 887 iarn
268 828 352 876 diu
374 827 435 876 ad
460 827 815 891 procurandam
844 826 1067 891 Martyris
1082 823 1404 890 Apotheosim
1429 821 1670 888 impulere
1691 863 1703 883 ,
1744 827 1926 888 praeser-

139 904 231 951 tim
259 917 345 952 eos
369 939 382 962 ,
422 904 507 966 qui
531 918 632 952 uno
657 901 839 951 abhinc
864 901 1039 951 saeculo
1066 903 1111 950 ci
1134 899 1393 951 Cathedrae
1418 899 1648 962 praefuere
1674 896 1700 947 ὲ
1724 899 1925 950 familiis

137 976 403 1026 Comitum
429 977 489 1025 ab
517 976 757 1034 Harrach‚
785 976 1094 1036 KoloWrath,
1117 972 1924 1040 Bilcnberg‚W'aldstein‚&ssreii-

136 1064 226 1098 ner
249 1072 261 1107 3
310 1051 390 1097 sed
421 1050 522 1098 haec
548 1050 731 1099 scilicet
754 1049 908 1113 gloria
933 1050 1075 1107 zelo,
1102 1043 1391 1111 meritisque
1416 1049 1640 1097 hodierni
1667 1050 1924 1114 Metropo-

135 1124 229 1172 litae
263 1122 567 1185 debebatur,
596 1123 733 1188 quod
769 1118 1048 1187 priusquam
1091 1124 1418 1186 explicemus,
1449 1124 1626 1180 juverit
1662 1125 1819 1187 capite
1856 1124 1922 1173 se-

134 1199 304 1261 quenti
340 1214 397 1249 ex
431 1198 561 1250 libro
591 1198 728 1265 supra
759 1200 1023 1249 nominato
1059 1212 1340 1263 excerpere,
1368 1212 1477 1262 quae
1501 1199 1596 1247 huc
1633 1197 1794 1248 facere
1827 1200 1921 1249 visa

135 1271 259 1322 sunt.

357 1411 803 1500 CAPUT
924 1412 1346 1501 SECUN
1375 1412 1689 1501 DUM.

444 1583 566 1660 De
589 1585 1151 1666 Canonizatione
1164 1584 1587 1664 Sam‘lorum.

132 1707 308 1808 Cum
335 1712 627 1762 &mitorum
653 1714 982 1763 canonizatio
1007 1716 1135 1762 inter
1157 1715 1470 1778 graviffimaS,
1492 1714 1670 1780 easque
1694 1713 1911 1765 Ecclefiae

257 1787 510 1839 materias,
540 1800 648 1848 quae
675 1785 736 1834 ad
763 1787 1028 1837 universale
1056 1789 1272 1845 ejusdem
1303 1792 1528 1852 regimen
1553 1789 1762 1853 spectant
1781 1827 1794 1847 ‚
1833 1805 1906 1838 rc-

124 1859 399 1918 censeatur,
425 1854 576 1923 utque
602 1857 800 1910 affeetus
822 1862 1015 1916 omnis,
1056 1864 1103 1910 δε
1128 1862 1299 1911 abusus
1322 1865 1381 1912 ab
1408 1865 1518 1914 astu
1543 1865 1634 1913 illo
1657 1896 1671 1919 ‚
1705 1861 1810 1927 quo
1829 1864 1905 1912 in-

123 1947 199 1985 ter
221 1935 355 1985 Coeli
382 1934 531 1985 Cives
557 1936 664 1999 quis
684 1935 998 1991 adscribitur,
1027 1936 1253 1996 exulent3
1293 1935 1414 1987 Ideo
1438 1939 1617 1989 summi
1643 1937 1904 1988 Pontifices

122 2009 411 2059 Sanilorum
437 2008 858 2061 Canonizationes
885 2011 969 2060 fibi
994 2008 1321 2067 reservarunt,
1357 2014 1406 2061 in
1430 2013 1587 2078 specie
1611 2026 1776 2063 autem
1800 2013 1898 2063 san·

123 2085 207 2133 &ae
236 2084 490 2132 memoriae
520 2084 745 2134 Urbanus
769 2087 893 2137 VIII.
918 2101 1008 2150 pro
1033 2085 1206 2135 debito
1239 2087 1482 2148 pastoralis
1509 2087 1661 2137 officii
1694 2088 1812 2137 feria
1838 2089 1897 2138 V.

119 2158 207 2208 sub
240 2168 320 2223 13.
347 2158 504 2217 Martii
527 2172 603 2207 an.
635 2161 785 2226 1625.
817 2161 930 2225 Iege
960 2163 1051 2212 lata
1081 2162 1280 2210 sancivit
1302 2199 1315 2220 ,
1355 2178 1418 2212 ne
1448 2161 1765 2227 imposterum
1796 2163 1897 2212 cul-

119 2245 227 2288 tus,
252 2244 337 2281 aut
374 2235 624 2283 veneratio
656 2235 894 2299 praestetur
928 2236 1044 2292 ulli,
1084 2249 1350 2301 antequam
1384 2239 1444 2287 ab
1470 2236 1752 2301 Apostolica
1786 2237 1895 2287 sede

117 2305 496 2358 Beatificationis
511 2338 525 2363 ‚
568 2321 650 2358 aut
671 2310 1076 2360 Canonizationis
1098 2312 1287 2361 honore
1313 2312 1560 2378 insignitus
1583 2313 1730 2362 fuerit
1749 2344 1763 2368 ‚
1807 2310 1893 2361 nili

118 2394 200 2432 aut
233 2397 318 2446 per
350 2397 682 2433 communem
713 2383 923 2435 Ecclesiae
957 2384 1246 2435 consensum
1274 2425 1286 2446 ,
1326 2388 1402 2436 vel
1433 2387 1891 2438 immemorabilem

117 2457 356 2520 temporis
383 2453 576 2506 cursum
593 2496 605 2517 ,
629 2473 712 2509 aut
735 2475 818 2525 per
840 2460 1051 2519 Panum,
1067 2457 1385 2526 virorumque
1411 2464 1686 2513 saniiorum
1710 2463 1890 2525 scripta,

117 2531 196 2582 vel
221 2529 496 2597 longiffima
523 2536 759 2602 temporis
779 2535 970 2587 scientia
987 2536 1086 2662 ,Εὸῑ
1111 2537 1370 2588 tolerantia
1392 2539 1591 2606 praefatae
1607 2538 1886 2662 Sgdi'sApm

1076 2619 1107 2680 3
1665 2627 1696 2662 o
1720 2613 1817 2670 icae,
