2180 2833
548 142 688 206 Vitae
714 141 765 202 S.
777 135 1010 223 ffoa'nnis
1032 135 1378 214 Nepomuceni
1396 136 1497 199 M.
1842 152 1917 213 55

294 269 612 336 Posteaquam
627 266 963 319 illustrissimus
976 299 990 324 ‚
1014 267 1060 316 &
1078 262 1522 317 Reverendissimus
1536 258 1802 321 Dominus,
1818 263 1923 313 Do-

141 350 309 402 minus
337 347 511 397 Archi·
531 346 805 411 Episcopus,
825 343 918 409 qua
937 344 1119 413 JudeX‚
1146 339 1410 408 supradicta
1435 341 1512 390 die
1530 377 1543 398 ,
1571 336 1692 388 hora
1715 335 1921 388 dimidia

139 420 276 474 nona
302 422 362 471 de
387 438 558 480 mane,
585 437 641 471 ex
669 421 876 477 Palati0‚
902 419 982 468 seu
1009 418 1280 468 Residentia
1301 414 1737 481 Archi-Episcopali
1763 415 1920 463 comi-

138 500 354 549 tantibus
378 497 596 548 eundem
621 496 741 554 suis,
765 509 893 560 quos
919 494 1093 552 habet,
1118 494 1328 550 Amicis,
1350 493 1395 540 ὅ(
1421 491 1550 549 aliis,
1592 490 1650 539 ad
1676 489 1920 553 supramo-

140 586 384 625 moratam
415 570 671 623 Ecclesiam
698 568 1138 633 Metropolitanam
1164 569 1279 617 Divi
1299 568 1403 618 Viti
1435 568 1485 615 in
1508 565 1679 616 Castro
1706 562 1920 628 Pragenfi

140 649 429 706 advenisset,
458 650 505 696 ὅ(
536 662 703 697 coram
741 645 916 703 majori
940 644 1036 692 Ara
1071 644 1262 692 ibidem
1297 640 1580 706 genuflexus
1615 636 1920 703 aliquantum

140 721 339 780 orasset,
360 733 744 785 comparuerunt
766 717 944 768 deinde
967 714 1241 768 admodum
1267 717 1537 765 Reverendi
1554 716 1923 782 DominiJoan-

139 811 230 847 nes
266 796 517 845 Florianus
551 793 1004 845 Hammerschmidt
1037 792 1236 843 actualis
1257 793 1475 843 Vetero·
1495 791 1648 854 Pragae
1673 791 1722 836 in
1747 791 1922 851 Tbeyn

136 872 356 923 Curatus
371 904 384 927 ‚
410 872 456 919 ὃ(
486 870 809 920 Wenceslaus
831 868 1181 919 Constantinus
1205 863 1463 925 Potutzjek
1484 864 1620 913 dictae
1639 862 1924 925 Metropoli·

140 959 263 996 tanae
286 945 501 995 Ecclesiae
516 947 628 995 Divi
646 947 746 996 Viti
771 947 821 993 in
837 943 1007 994 Castro
1032 941 1247 1008 Pragenfi
1274 939 1561 991 Sacristanus
1585 938 1640 985 ad
1670 937 1925 1000 perhiben-

141 1022 263 1070 dum
289 1021 627 1070 testimonium
654 1022 864 1068 veritatis
881 1054 892 1073 ‚
917 1020 980 1063 de
1006 1019 1125 1064 loco
1149 1015 1548 1069 Tumulationis,
1578 1014 1652 1058 seu
1677 1011 1925 1073 Sepulchri

126 1095 447 1145 ‘Venerabilis
468 1094 600 1140 Servi
621 1091 934 1157 DeiJoannis
954 1089 1330 1152 Nepomuceni,
1357 1088 1403 1134 ὅ(
1429 1101 1492 1135 eo
1516 1086 1816 1150 designando
1843 1100 1926 1148 per

127 1169 397 1219 'Nuncium
425 1165 712 1229 deputatum
739 1166 949 1222 iuratum
977 1163 1273 1213 Michaelem
1289 1162 1496 1211 Zastiera
1520 1161 1672 1225 pridie
1698 1173 1930 1208 oretenus

139 1245 290 1292 citati.
369 1242 570 1307 Qibus
597 1242 786 1295 taliter,
814 1252 866 1287 ut
892 1238 1022 1301 supra
1050 1237 1484 1303 comparentibus,
1523 1233 1861 1284 Illustrissimus
1880 1235 1928 1282 &

141 1314 589 1365 Reverendffimus
616 1314 893 1371 Dominus,
927 1315 1177 1362 Dominus
1204 1313 1379 1362 Archi·
1402 1310 1685 1375 Episcopus,
1725 1308 1824 1373 qua
1845 1311 1926 1377 Ju-

142 1391 232 1439 dex
260 1429 271 1448 ‚
313 1391 493 1438 detulit
514 1391 858 1457 Juramentum
886 1390 1097 1438 veritatis
1122 1384 1340 1438 dicendae
1368 1424 1381 1445 ‚
1422 1388 1468 1434 ἃ
1500 1383 1664 1434 secreti
1690 1383 1926 1432 servandi.

142 1467 294 1531 Quod
323 1467 657 1523 juramentum
685 1466 835 1513 etiam
865 1463 948 1512 sibi
973 1464 1190 1512 delatum
1217 1466 1261 1511 ὅ(
1286 1474 1545 1526 acceptum
1574 1499 1587 1517 ‚
1626 1458 1706 1522 ipsi
1733 1461 1781 1506 in
1808 1472 1927 1507 con-

141 1541 317 1588 tinenti
340 1542 388 1588 in
417 1540 642 1588 manibus
667 1538 850 1588 altefati
874 1537 1173 1588 illustrissimi
1196 1540 1241 1586 ὅ(
1270 1534 1672 1586 Reverendiffimi
1699 1533 1928 1590 Domini,

140 1614 350 1664 Domini
378 1616 548 1663 Archi-
565 1615 812 1678 Episcopi,
837 1630 932 1678 qua
956 1614 1151 1673 judicis,
1179 1613 1456 1678 singillatim
1474 1649 1486 1670 ‚
1511 1613 1557 1658 ὅ(
1583 1625 1708 1659 unus
1731 1607 1835 1673 post
1861 1607 1926 1657 al·

141 1700 303 1738 terum
330 1688 457 1739 flexis
481 1690 690 1753 genibus
717 1688 1071 1753 deposuerunt,
1099 1704 1154 1737 ac
1181 1687 1497 1752 praestiterunt
1519 1688 1570 1735 in
1597 1685 1775 1734 forma.

371 1768 584 1826 Sequitur
607 1769 754 1805 ffenor
775 1769 937 1805 Formae
955 1765 1246 1824 Juramenti.

292 1832 398 1882 Post
425 1832 561 1897 quod
587 1833 920 1890 juramentum
949 1833 1009 1880 ab
1041 1845 1252 1896 utroque
1285 1831 1800 1897 supranominatorum
1835 1827 1925 1879 sin-

138 1909 350 1976 gillatim
367 1939 379 1962 ‚
404 1923 458 1956 ac
485 1921 609 1955 unus
634 1906 737 1970 post
762 1908 971 1956 alterum
1000 1907 1321 1971 corporaliter
1345 1907 1600 1973 praestitum
1619 1944 1632 1966 ‚
1668 1907 1714 1954 ὃ(
1742 1903 1919 1971 depoli-

143 1997 278 2038 tum,
303 1984 394 2032 fuit
419 1997 542 2030 unus
568 1981 668 2045 post
695 1982 902 2032 alterum
930 1983 1272 2046 interrogatus,

296 2055 465 2106 Primo
493 2057 758 2120 quomodo
789 2069 991 2106 vocatur
1016 2095 1027 2114 ,
1068 2057 1112 2104 ὅ(
1139 2060 1276 2113 cuius
1302 2055 1367 2105 est
1399 2058 1547 2106 aetatis
1572 2067 1584 2105 .>
1629 2053 1919 2118 Respondit:

140 2135 314 2200 Vocor
333 2132 578 2180 Florianus
598 2132 1047 2181 Hammerschmidt
1072 2132 1271 2181 asinalis
1286 2133 1652 2194 Vetero-Pragae
1679 2131 1728 2177 in
1751 2130 1923 2191 Theyn

140 2208 382 2264 CuratuS‚
410 2205 513 2254 sum
548 2221 794 2256 annorum
828 2206 1072 2271 sexaginta
1108 2207 1181 2256 sex
1216 2206 1294 2256 die
1333 2219 1502 2271 quarta
1539 2207 1650 2263 Maii
1688 2204 1926 2267 praesentis

141 2281 391 2334 millesimi
419 2280 824 2346 septingentesimi
855 2281 1037 2330 decimi
1065 2279 1181 2331 noni
1206 2283 1315 2331 anni
1341 2281 1861 2346 complemendorum.

297 2357 524 2406 Secundo
551 2359 900 2422 interrogatu5‚
923 2357 1084 2407 Scitne
1109 2358 1276 2407 locum
1305 2357 1705 2411 Tumulationis‚
1738 2355 1816 2403 seu
1841 2354 1921 2402 Se·

144 2431 335 2495 pulchri
352 2431 653 2482 Venerabilis
677 2433 808 2482 Servi
833 2432 927 2481 Dei
952 2432 1153 2500 Joannis
1182 2433 1530 2497 Nepomuccni
1548 2464 1561 2488 ‚
1589 2431 1726 2490 am&
1752 2430 1837 2479 ubi
1867 2428 1920 2477 il-

142 2506 227 2555 lud
250 2507 300 2557 in
324 2504 414 2556 hac
438 2506 828 2572 Metropolitana
851 2506 1055 2558 Ecclesia
1078 2506 1263 2558 existat?

1661 2648 1845 2723 Respon-
