2180 2833
742 140 1036 219 Presbyteri
1069 140 1130 207 Ε5
1157 135 1438 217 Alartyris.
1948 159 1982 218 3

194 271 361 336 iuveni
380 269 438 321 ad
461 268 616 320 bonas
640 267 744 335 spes
759 271 931 336 genito
949 268 1250 334 ‘eloquentiae
1274 266 1483 318 studium
1508 264 1742 332 placebat,
1756 265 1815 316 ad
1835 281 1987 332 quam

196 364 314 399 eum
340 360 508 397 natura
531 345 624 409 ipsa
647 345 986 396 conformarat
1011 346 1056 393 ὅ(
1083 343 1283 394 finxerat
1305 367 1315 394 z
1356 343 1649 408 plerumque
1675 344 1808 391 enim
1835 345 1988 408 genio

197 426 435 488 cujusque
461 419 748 486 impellente
774 421 824 469 id
848 423 901 470 in
930 419 1090 469 studiis
1114 419 1285 470 nostris
1307 419 1582 483 sequimur,
1606 417 1743 482 quod
1766 433 1855 467 nos
1877 418 1989 468 affe-

199 500 285 563 qui
306 496 432 562 poffe
453 494 781 546 confidimus:
813 494 910 545 fine
937 495 1014 559 spe
1038 508 1226 558 captare
1248 494 1550 559 profectum,
1566 495 1725 543 irritus
1752 493 1889 542 labor
1904 493 1987 544 est.

199 570 334 624 Cum
363 575 459 633 jam
482 573 664 621 Zatecii
708 570 855 636 (urbs
889 569 954 619 est
977 568 1228 619 Bohemiae
1267 566 1510 637 celebris)
1546 568 1668 617 nihil
1703 567 1894 618 restaret
1919 568 1989 618 di-

198 648 464 706 scendum,
490 646 549 694 ad
574 646 769 694 altiores
793 645 1035 699 scientim,
1060 659 1223 707 neque
1242 643 1465 709 linguam
1486 640 1708 701 tantum,
1725 644 1801 693 sed
1822 644 1988 708 peetus

198 722 355 786 ipsum
372 720 697 769 excolendum
714 756 726 776 ‚
753 719 953 783 Pragam
968 719 1184 787 Joannes
1207 719 1479 768 contendit.
1557 719 1707 768 Paulo
1731 731 1840 767 ante
1862 732 1988 768 tem-

196 810 315 860 pora
328 791 704 844 Univcrfitatem
719 794 1005 843 Studiorum
1024 793 1179 859 Pragae
1205 794 1432 844 excitarat
1447 792 1657 843 Carolus
1682 795 1760 843 IV.
1778 795 1989 858 Impera-

198 870 336 919 tor&
352 869 596 918 Bohemiae
613 869 741 918 Rex:
784 870 830 917 ὅ(
854 866 1138 933 conquisitis
1164 883 1221 918 ex
1246 867 1486 917 omnibus
1514 868 1736 917 litteratis
1752 868 1990 928 UrbibuS,

197 943 404 998 Parifiis,
439 939 684 1003 Bononia,
717 939 878 993 Paduei
900 942 1138 1008 Magistris
1153 980 1166 1002 ‚
1187 944 1354 992 omnis
1376 942 1606 992 do&rinae
1629 943 1803 992 divinae
1824 943 1869 992 ἃ
1897 944 1988 993 hu-

200 1035 359 1069 manae
381 1018 584 1068 Scholas
611 1029 878 1082 aperuerat.
971 1018 1049 1068 Ad
1077 1033 1164 1067 eos
1187 1019 1339 1083 igitur
1366 1017 1459 1067 sese
1486 1018 1704 1086 Joannes
1730 1018 1888 1068 noster
1912 1033 1990 1083 ap-

198 1095 396 1156 plicuit,
419 1109 474 1142 ac
491 1090 708 1157 primum
725 1092 1043 1156 Philosophiae
1057 1093 1284 1157 Magister
1308 1095 1434 1141 inter
1455 1094 1670 1157 primos,
1695 1105 1805 1142 tum
1823 1095 1990 1144 Theo-

194 1168 340 1233 logiae
374 1183 432 1217 ac
453 1169 718 1217 Sacrorum
747 1168 1017 1218 Canonum
1055 1169 1101 1215 ὅ(
1129 1168 1457 1218 Decretorum
1484 1180 1669 1216 creatus
1693 1167 1758 1215 est
1785 1168 1989 1219 Doc‘tor.

195 1243 536 1308 Theologiam
561 1243 620 1292 ad
635 1241 890 1292 Ecclesiam
905 1242 1237 1307 Collegiatam
1254 1242 1616 1306 &Apollinaris
1634 1243 1684 1291 in
1702 1243 1848 1293 Nova
1862 1272 1877 1281 ·
1895 1245 1989 1294 Ur·

200 1317 264 1366 be
286 1316 503 1381 Pragensr
545 1314 670 1383 (ubi
705 1333 762 1367 ea
797 1314 1185 1380 frequentissime
1217 1317 1488 1366 docebatur
1518 1332 1533 1367 ε
1582 1332 1697 1366 nam
1736 1333 1793 1367 ex
1832 1319 1991 1369 vicina

201 1390 579 1438 Wiffehradcnfi
605 1391 806 1436 Ecclesia
828 1392 1010 1437 Clerici
1035 1407 1214 1438 omnes
1249 1393 1346 1438 huc
1369 1392 1581 1454 itabant)
1623 1392 1850 1442 audivisse
1871 1409 1993 1444 con·

199 1463 311 1520 ssat,
354 1463 437 1511 sub
468 1464 672 1526 optimis
695 1461 965 1526 Magistris5
1000 1475 1185 1512 ceteras
1209 1463 1428 1514 scientias
1465 1467 1516 1514 in
1540 1466 1721 1531 quibus
1746 1467 1994 1535 Colle-giis

194 1538 490 1603 perceperit,
531 1538 774 1586 incertum
808 1535 887 1586 est.

357 1624 404 1671 5.
441 1612 550 1679 Jam
566 1611 756 1675 pridem
777 1628 833 1661 ex
850 1627 955 1676 quo
976 1610 1090 1661 dare
1110 1611 1284 1661 litteris
1304 1628 1507 1679 operam
1527 1618 1991 1688 coeperatJoanneS,

198 1685 259 1736 ad
285 1687 627 1736 Sacerdotium
653 1687 700 1734 ὃ(
729 1688 1005 1735 animarum
1033 1687 1270 1752 obsequia
1298 1692 1459 1739 vocati
1483 1690 1528 1739 se
1554 1692 1782 1744 senserat:
1823 1697 1991 1746 arden-

199 1757 324 1821 tius,
352 1757 466 1809 cum
494 1763 590 1819 jam
615 1776 765 1824 prope
794 1776 979 1810 metam
1002 1763 1141 1822 effer,
1166 1764 1225 1813 ad
1250 1764 1299 1813 id
1325 1767 1474 1814 etiam
1502 1766 1757 1817 ferebatur.
1802 1772 1992 1838 Quam-

201 1837 272 1884 vis
296 1833 415 1884 veto
441 1835 601 1885 studiis
622 1837 894 1885 litterarum
923 1839 1158 1901 pietatem
1178 1839 1226 1886 ὅ(
1253 1840 1481 1889 virtutem
1507 1842 1696 1908 semper
1717 1849 1990 1905 conjunxe-

197 1912 286 1969 rit3
322 1922 487 1960 tamen
513 1907 628 1959 cum
653 1911 967 1966 existimaret,
990 1910 1094 1976 quo
1111 1915 1225 1976 quis
1255 1918 1411 1980 magis
1435 1916 1495 1965 ab
1518 1918 1670 1967 animi
1692 1920 1825 1969 cultu
1849 1937 1989 1972 com·

199 1998 389 2048 paratus
413 1986 472 2035 ad
509 1985 831 2051 suscipiendos
855 1988 1175 2037 Sacerdotum
1204 1989 1402 2039 ordines
1427 1991 1699 2054 accesserit,
1738 1992 1802 2045 eo
1826 1996 1988 2059 postea

201 2056 391 2109 felicius
413 2063 460 2109 in
475 2063 749 2111 animarum
769 2062 914 2112 salute
937 2063 1132 2121 versari3
1159 2064 1408 2130 integrum
1428 2066 1649 2117 mensem
1673 2068 1732 2117 ab
1747 2072 1987 2122 omnibus

202 2133 415 2196 profanis
439 2138 650 2200 negotiis
677 2152 882 2186 vacuum
905 2176 918 2196 ‚
949 2138 1235 2188 Sacerdotio
1259 2139 1478 2204 praemisit
1504 2155 1518 2190 ε
1572 2157 1723 2206 quem
1764 2146 1985 2197 mensem

203 2220 365 2256 totum
392 2210 443 2258 in
468 2209 742 2260 affiistando
768 2228 1000 2276 corpore,
1030 2216 1336 2279 repurganda
1359 2215 1680 2275 conscientia,
1720 2221 1984 2284 impetran-

203 2282 278 2331 dis
302 2283 578 2335 coelestibus
596 2286 653 2335 ad
677 2299 868 2337 tantum
889 2286 1092 2353 tamque
1117 2288 1342 2339 divinum
1376 2306 1557 2341 munus
1580 2294 1782 2348 auxiliis,
1798 2291 1986 2361 piisque

198 2361 709 2411 commentationibus
726 2363 772 2410 ὅ(
793 2363 1004 2413 confiliis
1033 2365 1084 2412 in
1110 2363 1352 2424 futurum,
1371 2366 1594 2419 traduxit.
1673 2370 1737 2418 Ex
1759 2370 1849 2421 hac
1873 2372 1984 2422 soli-

202 2432 371 2483 tudine
397 2434 630 2499 egressus,
651 2438 696 2484 &
718 2437 853 2487 sacris
874 2440 1088 2488 initiatus
1103 2440 1399 2496 Ordinibus,
1429 2438 1544 2491 cum
1570 2444 1726 2494 nullas
1748 2446 1805 2494 ad
1833 2462 1987 2512 popu-

201 2505 306 2554 lum
343 2508 562 2572 phaleras
599 2512 645 2559 ὅ(
674 2515 827 2562 mulsa
861 2513 1017 2574 dieta,
1040 2526 1092 2563 ut
1120 2516 1184 2563 ait
1207 2516 1475 2573 Comicus,
1509 2519 1590 2567 *sed
1614 2520 1790 2584 Spiritu
1816 2523 1986 2571 divino

199 2583 415 2635 animata
440 2586 587 2637 verba
611 2587 658 2637 ὅ(
686 2586 901 2640 coelestia
925 2588 1055 2641 sensa
1073 2627 1086 2649 ,
1127 2591 1261 2641 velut
1284 2590 1436 2643 hastas
1460 2607 1762 2660 amentatas,
1798 2609 1982 2662 ampo-

1081 2664 1132 2714 A
1170 2680 1200 2712 2
1815 2667 1910 2722 tius
