2180 2833
301 166 381 210 20
777 152 907 216 Vita
938 153 988 212 S.
1000 145 1236 232 joannis
1261 151 1605 228 Nepomuceni

831 370 1340 461 CAPUT
1399 373 1560 460 IV.

300 542 507 621 Mira
536 537 847 644 quaedam
871 538 969 618 ad
990 540 1051 622 S.
1081 539 1404 646 joannis
1434 545 1793 623 tumulum
1817 561 2088 655 parata

647 655 722 722 Εἴ
748 652 1000 746 beneficia
1030 653 1250 745 coelestia
1276 658 1461 722 omnis
1474 660 1727 746 generis.

297 820 388 853 22.
409 800 569 902 Tot
590 819 645 855 ac
671 815 801 855 tanta
824 805 868 856 S.
893 805 1095 874 Joannis
1127 804 1411 857 interventu
1436 805 1674 858 beneficia
1697 806 1894 860 coelitus
1924 809 2084 873 impe-

532 892 653 930 trata
686 879 821 929 fuiffe
850 881 1046 930 tradunt
1069 880 1391 945 manuscripta
1417 884 1675 932 memoriae
1698 920 1713 944 ,
1767 895 1822 933 ut
1847 899 1904 933 ex
1928 884 1988 932 iis
2012 883 2085 944 ju-

297 952 423 1003 stum
449 954 632 1004 librum
660 958 871 1015 majores
894 953 1040 1004 nostri
1065 955 1394 1016 confecerint,
1427 957 1513 1021 qui
1537 958 1588 1006 in
1613 957 1815 1008 sacrario
1839 954 2085 1022 Pragenfis

297 1028 505 1078 ecclessae
528 1029 814 1080 servabatur.
883 1030 1018 1080 Cirat
1045 1044 1164 1079 eum
1188 1030 1373 1081 librum
1399 1031 1740 1098 Wolfgangus
1762 1030 2085 1095 Chanowsky

297 1103 361 1152 de
391 1104 708 1168 Longavssla,
737 1104 952 1153 Ecclefiae
978 1104 1378 1170 Metropolitanae
1401 1105 1715 1164 Canonicus‚
1755 1109 1828 1158 vir
1863 1104 2084 1163 illustris,

297 1178 387 1242 qui
412 1193 544 1228 anno
561 1179 632 1227 M.
649 1178 709 1227 D.
724 1178 975 1229 LXXXIII.
998 1181 1243 1235 moriens,
1264 1181 1367 1240 ejus
1380 1181 1539 1231 Sansti
1553 1196 1751 1238 amore,
1779 1196 1883 1231 non
1909 1178 2084 1245 procul

297 1253 360 1302 ab
390 1255 493 1314 ejus
517 1253 652 1302 sacro
676 1253 903 1312 turnuIO,
944 1265 997 1303 ut
1022 1253 1348 1313 conderetur,
1383 1256 1677 1319 impetravit,
1751 1255 1930 1306 Scribit
1951 1255 2005 1310 is,
2029 1256 2084 1303 in

295 1327 389 1377 illo
414 1328 772 1377 miraculorum
802 1327 956 1386 libro,
988 1327 1033 1377 S.
1055 1329 1305 1397 Joannem
1318 1329 1739 1392 Nepomucenum
1751 1329 2086 1379 Thaumatur-

296 1418 422 1468 gum
449 1403 700 1452 Boheffniae
723 1402 959 1465 appellari
988 1424 999 1448 :
1047 1416 1235 1448 caecurn
1259 1402 1320 1447 ad
1348 1403 1451 1457 ejus
1475 1404 1725 1451 tumulum
1750 1401 1976 1464 recepiffe
2012 1400 2082 1451 vi.

293 1475 404 1527 sum
419 1515 432 1535 ‚
472 1478 596 1526 alios
622 1472 1030 1540 praesentiffimam
1052 1488 1202 1538 opem
1224 1470 1428 1530 senfiffe,
1449 1471 1577 1522 alios
1598 1473 1651 1522 in
1674 1474 1784 1523 vitae
1807 1464 2081 1538 inorti'sque

295 1551 518 1602 confinio
542 1551 743 1610 stantes,
765 1549 1014 1614 quosdam
1037 1549 1191 1598 etiam
1217 1547 1276 1597 ad
1300 1546 1528 1611 supplicia
1550 1548 1720 1597 mortis
1731 1546 1965 1616 Judicum
1978 1549 2083 1598 serr-

297 1628 465 1676 tentii's
488 1626 779 1684 damna-toe,
798 1624 928 1673 beati
952 1624 1067 1679 viri,
1093 1637 1249 1687 quem
1274 1620 1593 1681 invocabant,
1609 1622 1812 1678 auxilio,
1841 1621 2081 1672 mirabili-

296 1713 374 1751 ter
394 1699 579 1750 evafiffe
607 1712 840 1750 mortem.
910 1698 1089 1752 Addit,
1120 1697 1260 1760 plura
1280 1696 1325 1745 se
1350 1710 1453 1745 non
1478 1695 1773 1755 describere,
1793 1695 1932 1760 quod
1954 1696 2081 1747 libet

294 1775 352 1827 fit
374 1775 554 1826 obvius
575 1813 589 1834 ‚
620 1790 775 1838 quem
800 1785 970 1822 tamen
994 1772 1091 1820 una
1115 1784 1319 1819 mecum
1342 1768 1549 1819 ecclesiae
1568 1770 1775 1821 Ministri
1799 1784 1976 1820 omnes
1998 1772 2078 1820 in-

296 1851 466 1903 venire
490 1863 590 1899 non
617 1848 889 1913 possumus»,
911 1847 959 1895 &
973 1844 1273 1896 subtrastum
1297 1858 1355 1894 ex
1375 1843 1564 1905 oculiS,
1587 1844 1658 1894 ob
1677 1841 1894 1895 haerefim
1916 1858 2082 1912 nuper

296 1936 619 1990 regnantem,
644 1923 891 1972 dolemus,

491 2009 578 2065 23.
615 1997 743 2047 Illud
777 1996 1079 2061 permirum,
1108 2008 1273 2059 neque
1309 1988 1477 2044 minus
1508 2004 1700 2045 certum
1734 1992 1783 2042 δε
1816 1993 2078 2059 pervulga:

298 2087 443 2125 tum:
477 2074 781 2138 quicumque
796 2072 840 2121 S.
852 2071 1055 2140 Joannis
1077 2069 1328 2119 tumulum
1348 2064 1603 2129 calceirint,
1619 2067 1878 2134 praeserti-tn
1904 2066 1937 2118 fi
1955 2083 2077 2119 con·-

297 2149 609 2214 tempserint,
631 2162 718 2197 eos
745 2146 841 2211 ipsa
865 2145 945 2196 die
966 2145 1225 2195 infamiam
1248 2146 1519 2204 Incurrere,
1556 2145 1603 2192 ὅ(
1621 2144 1772 2193 vitare
1795 2157 1899 2192 non
1920 2141 2080 2209 poffe3

298 2225 351 2275 id
377 2224 609 2274 omnium
635 2221 1015 2272 Catholicorum
1039 2219 1345 2285 Pragenfiu-rn
1379 2217 1548 2268 nostrae
1571 2220 1618 2268 δε
1645 2217 1903 2282 superioris
1925 2219 2083 2268 aetatis

298 2297 550 2355 consensu,
570 2309 718 2360 atque
732 2295 964 2361 exemplis
977 2294 1200 2361 plurimis
1212 2292 1408 2345 constat.
1481 2293 1632 2344 Anno
1646 2292 2082 2351 M.D.LXXXV111‚

301 2369 419 2423 curn
445 2371 723 2422 Radzivilus
746 2371 970 2435 Princeps
993 2401 1008 2425 ‚
1055 2370 1205 2434 Regis
1235 2370 1283 2418 &
1305 2367 1501 2418 Polonae
1525 2367 1823 2433 Reipublicae
1846 2368 2084 2430 nomine,

300 2448 627 2512 Legationern
653 2446 779 2511 apud
804 2444 1084 2517 deolfum
1109 2446 1166 2494 II.
1193 2443 1430 2494 Caesarem
1466 2443 1659 2502 obiret,
1697 2440 1948 2493 accefl'erat
1969 2443 2079 2493 Pra-

303 2537 419 2588 gam
467 2518 753 2586 Magnificus
803 2521 866 2570 D.
901 2519 1283 2584 Christophorus
1322 2518 1494 2569 Sluska
1538 2517 1783 2568 Palatinus
1814 2516 2082 2570 Vendenfis

305 2590 700 2663 (Catholicusne
722 2610 783 2648 an
806 2591 1062 2648 haereticus
1095 2594 1124 2647 ὲ
1147 2593 1438 2662 Theophilo
1449 2592 1723 2657 Crinecco,
1749 2591 2083 2716 Collegiigff.

1943 2683 1972 2718 a
