2180 2833
654 146 946 226 Presbyteri
981 142 1049 211 ἐς
1073 142 1358 225 Alartyris.
1822 157 1889 218 15

109 278 260 329 bebat
273 290 363 341 pro
375 274 525 330 Patre,
540 271 666 322 triste
694 274 928 323 nuntium
949 272 1164 339 accepi13
1202 268 1417 335 equue
1440 279 1656 320 mortem
1683 267 1763 318 sua
1782 283 1894 319 cau-

107 353 153 403 sa
177 352 203 401 ὲ
222 350 406 401 crudeli
431 350 644 414 conjuge
672 349 858 398 illatam
893 348 1276 410 animadvertit3
1314 341 1432 395 cum
1457 358 1682 410 praeterea
1705 344 1894 394 nullam

109 444 168 478 ex
192 439 267 476 tot
290 427 338 474 ὅ(
376 425 521 474 tantis
547 423 689 473 malis
711 416 950 473 evadendi
974 425 1103 473 viam
1137 433 1386 478 cerneret,
1429 422 1482 471 in
1511 434 1714 487 gravem
1740 420 1896 469 animi

107 501 450 567 aegritudinem
475 497 624 562 lapsa,
644 499 771 564 carpi
797 498 1027 561 paulatim
1054 499 1233 562 coepit,
1268 498 1314 544 ὅ(
1341 509 1517 561 quarto
1544 495 1723 545 abhinc
1746 508 1897 548 anno,

108 576 247 626 nulla
263 576 390 625 edita
408 589 464 623 ex
489 573 535 622 se
549 573 686 637 prole
700 610 713 631 ,
734 572 1004 630 contabuit,
1021 585 1215 621 mortua
1234 586 1367 621 anno
1384 569 1896 624 M.CCC.LXXXVII.

110 653 191 701 die
224 667 264 701 1.
286 649 523 720 Januarij‚
546 659 599 697 ut
621 660 796 698 contra
820 647 1039 713 Hagium
1062 646 1271 696 ostendit
1294 647 1548 712 LupaeiuS.

616 867 1133 960 CAPUT
1203 874 1376 960 III.

107 1036 227 1114 De
269 1035 738 1112 veneratione
776 1038 862 1117 Εἴ
906 1034 1099 1111 cultu
1130 1092 1150 1120 ,
1202 1036 1321 1137 qui
1361 1030 1652 1136 joanni
1677 1099 1696 1131 ‚
1760 1058 1893 1112 ve-

293 1150 376 1213 lut
413 1148 605 1214 Samio
653 1148 727 1215 ὅ
764 1148 1029 1232 Martyri
1051 1197 1065 1222 ,
1127 1146 1192 1210 ab
1250 1149 1403 1214 omm'
1454 1150 1720 1214 memoria

862 1241 1151 1307 tribuitur.

116 1403 190 1460 17.
209 1383 400 1483 Non
423 1390 517 1438 erit
541 1389 626 1438 abs
649 1404 698 1438 re
724 1387 920 1438 forsitan
936 1425 948 1447 ,
976 1390 1261 1454 priusquam
1287 1390 1346 1440 ad
1371 1391 1607 1441 miracula
1629 1392 1675 1441 S.
1693 1392 1896 1461 Joannis

350 1463 669 1527 percensenda
698 1466 951 1513 veniamus
971 1495 985 1518 ‚
1026 1479 1177 1528 pauca
1214 1465 1440 1528 quaedam
1471 1467 1530 1515 de
1554 1466 1759 1531 publico
1793 1470 1894 1527 ejus

103 1539 234 1604 apud
258 1553 350 1588 nos
367 1538 499 1587 cultu
526 1540 833 1601 praemittere.
910 1538 1174 1588 Sciendum
1200 1540 1248 1588 in
1273 1541 1442 1604 primis
1466 1539 1554 1600 est,
1582 1540 1664 1590 etfi
1684 1542 1730 1591 S.
1744 1544 1894 1611 Joan-

103 1617 179 1665 nis
204 1614 450 1664 memoria
473 1613 618 1662 nullo
642 1628 807 1677 neque
822 1611 1096 1672 SacrificiO,
1116 1628 1276 1678 neque
1299 1614 1472 1664 divino
1496 1615 1668 1666 officio
1683 1614 1896 1668 honore-

101 1702 180 1738 tur
201 1690 254 1737 in
269 1688 470 1751 templis
498 1688 670 1753 (quod
697 1687 793 1737 fine
820 1687 985 1736 sanetae
997 1688 1132 1737 Sedis
1148 1689 1453 1740 Austoritate
1480 1689 1584 1740 fieri
1610 1706 1716 1740 non
1743 1691 1894 1756 solet)

98 1764 290 1827 reliqua
315 1776 479 1812 tamen
511 1764 712 1822 omnia,
734 1762 915 1827 quibus
937 1762 1184 1812 Divorum
1210 1765 1417 1814 nomina
1439 1766 1803 1821 consecrantur,
1829 1767 1890 1817 ad

97 1839 289 1889 sacrum
319 1839 421 1897 ejus
455 1837 713 1886 tumulum
745 1837 983 1887 adhiberi.
1072 1841 1239 1903 Iraque
1276 1842 1471 1902 quoties
1507 1840 1567 1889 ad
1614 1840 1891 1893 salutandos

98 1913 286 1963 sanE‘ros
299 1913 545 1962 Bohemiae
561 1912 793 1962 Patr-onos
808 1950 820 1971 ,
841 1913 1045 1969 Vitam,
1073 1912 1432 1963 Wenceslaum
1447 1951 1460 1973 ,
1480 1916 1857 1981 Sigismundum
1871 1949 1887 1973 ,

99 1987 453 2046 Adalbertum,
476 1980 756 2051 eorumque
784 1987 1006 2037 tumulos
1035 1989 1083 2036 in
1098 1988 1476 2053 Metropolitana
1503 1990 1701 2040 ecclesia
1727 1993 1887 2042 hono-

97 2061 298 2120 rand03,
323 2062 578 2124 Proceres,
601 2062 838 2120 Nobiles,
856 2062 1172 2120 Sacerdotes,
1206 2063 1412 2121 Praelati,
1449 2065 1690 2115 Canonici
1708 2104 1720 2123 ,
1752 2067 1884 2117 Reli-

97 2134 216 2201 giosi
232 2171 245 2194 ,
267 2136 532 2195 Matronae,
561 2137 714 2187 verbo
731 2175 743 2196 ,
785 2138 982 2186 minimi
1004 2133 1302 2201 maximique
1325 2140 1655 2195 conveniunt,
1677 2141 1721 2189 S.
1738 2138 1885 2203 Joan-

96 2212 171 2259 nis
203 2209 455 2260 tumulum
480 2225 734 2276 nunquam
772 2213 938 2260 omitti
976 2212 1153 2262 videas.
1233 2209 1326 2261 Hic
1349 2214 1598 2277 provoluti
1633 2217 1681 2263 in
1716 2232 1884 2281 genua

93 2285 386 2349 supplicant,
414 2299 580 2350 preces
606 2286 666 2335 ad
691 2301 812 2336 eum
838 2286 1074 2341 fundunt,
1112 2287 1215 2346 ejus
1248 2302 1401 2352 opem
1435 2289 1714 2353 implorant.
1792 2292 1879 2341 Su-

92 2359 254 2424 spensa
288 2358 353 2409 est
389 2360 448 2409 ad
484 2361 733 2411 tumulum
768 2360 972 2419 tabella,
1015 2361 1195 2420 latine,
1242 2361 1520 2413 Bohemico
1544 2364 1591 2413 ὅ(
1616 2365 1880 2415 Germani·

90 2450 154 2484 co
180 2434 449 2494 idiomate,
470 2436 518 2484 in
541 2451 637 2500 qua
665 2437 828 2486 oratio
851 2436 1124 2495 majusculis
1149 2437 1321 2486 litteris
1348 2438 1408 2487 ad
1439 2439 1484 2489 S.
1511 2436 1756 2502 Joannem
1776 2442 1877 2491 Ne-

89 2523 434 2573 pornucenum
456 2509 685 2574 descripta
709 2509 803 2560 est:
838 2525 946 2560 eam
970 2513 1166 2561 recitare
1192 2512 1406 2576 populus
1430 2513 1701 2564 consuevit.
1738 2515 1873 2567 ,Pen-

90 2584 206 2634 dent
231 2583 347 2634 hinc
380 2584 493 2635 inde
526 2600 666 2637 cerea
689 2586 903 2647 lumina,
938 2585 991 2638 δε
1018 2589 1142 2638 varia
1165 2588 1501 2649 anathemata,
1533 2600 1640 2639 tum
1664 2590 1873 2656 S.Joan·

1710 2678 1786 2712 nis
