2180 2833
692 84 983 162 Presbyteri
1019 79 1088 151 65
1121 83 1406 163 Martyris.
1860 106 1935 169 25

151 215 316 283 spicari
328 214 373 266 S.
388 213 635 283 Joannem
649 213 1069 276 Nepomucenum
1083 250 1096 271 ,
1120 227 1273 276 quern
1290 223 1544 276 tantopere
1558 210 1766 263 odissent
1785 214 1937 268 haere-

149 295 263 346 tici,
283 284 535 354 quemque
560 288 821 337 exhumare
850 292 998 336 etiam
1026 286 1295 336 voluissent.
1335 287 1541 336 Italiber
1559 288 1657 337 ille.
1698 291 1747 337 ln
1765 306 1812 339 re
1829 303 1932 343 tam

146 368 329 415 recenti
354 362 473 412 fides
490 362 543 410 fit
557 376 706 426 penes
731 361 1007 410 auctorem:
1034 362 1092 410 ad
1117 361 1365 410 tumulum
1381 363 1642 429 S.Joannis
1657 364 1930 417 redeamus

337 450 424 496 27.
465 437 549 487 Ob
575 437 698 485 hanc
733 436 878 499 igitur
903 435 1096 484 causam
1113 474 1124 492 ‚
1159 437 1206 484 &
1234 436 1346 485 saeva
1371 438 1419 484 in
1445 437 1684 486 calcantes
1710 442 1932 503 exempla

147 513 304 567 edita,
331 508 448 561 cum
482 513 580 570 jam
605 510 796 575 pridem
825 510 966 559 ferrei
991 510 1160 558 clathri
1193 511 1253 559 ad
1278 513 1420 560 unius
1447 507 1547 559 fere
1573 513 1695 561 ulnae
1719 514 1934 566 altitudi-

147 603 265 636 nem
291 588 506 650 praetenti
532 584 706 639 effent,
730 585 969 633 Canonici
999 585 1139 633 novis
1162 585 1264 632 aliis
1288 586 1498 634 cratibus
1523 585 1794 649 sepulcrum
1823 593 1931 640 cin-

145 674 348 710 xerunt:
387 662 472 723 qui
500 659 691 708 Clatbri
725 655 863 706 facile
904 671 997 707 tres
1027 659 1163 706 ulnas
1199 658 1455 708 altitudine
1491 675 1679 724 aequant
1703 699 1715 720 ‚
1755 676 1807 711 ut
1843 665 1930 716 nifi

144 731 394 799 aegerrime
422 736 496 782 vix
513 732 604 781 effe
628 735 862 795 cuiquam
884 732 1115 796 improbo
1139 732 1186 779 ὅ(
1215 734 1397 790 injurio
1421 735 1575 782 liceat.
1655 738 1805 786 Porro
1817 739 1931 788 Cal-

144 811 303 866 viaui‚
335 820 435 857 tam
473 804 600 855 male
629 805 654 854 a
678 807 721 855 S.
747 807 936 874 Joanne
962 807 1171 867 accepti,
1214 807 1455 869 quamdiu
1481 804 1694 872 Prag'enfi
1736 813 1933 865 ecclelia

143 883 255 932 sunt
276 881 368 940 ufi,
398 881 644 930 tumulum
672 881 826 944 ipsum
853 878 1303 945 totum‚praessigias
1321 883 1369 930 in
1397 897 1461 929 eo
1486 881 1634 931 latere
1659 887 1930 939 vociferari.

144 970 242 1012 tes,
263 955 487 1006 asseribus
510 956 554 1003 ὃς
582 952 760 1005 tabulis
786 955 1081 1018 quibusdam
1105 955 1340 1011 clausere,
1371 971 1434 1004 ne
1463 953 1570 1005 ullo
1595 959 1754 1008 modo
1778 961 1928 1022 adiri,

142 1030 251 1080 imo
279 1047 338 1080 ne
362 1030 553 1093 specstari
574 1031 738 1094 poffet.
818 1030 1099 1079 Obturbai'e
1124 1030 1262 1088 illos,
1282 1030 1403 1078 dum
1432 1031 1488 1079 ad
1512 1047 1710 1082 coenam
1736 1036 1927 1086 intem.

143 1105 230 1170 plo
253 1104 502 1159 sederent,
522 1105 793 1173 S.Joannes
820 1104 1105 1162 videbatur3
1144 1106 1188 1152 ὅ(
1207 1105 1342 1153 velut
1364 1107 1618 1153 mortualis
1644 1108 1832 1167 umbra,
1854 1113 1927 1161 ni-

139 1175 300 1229 mium
326 1179 525 1229 odiosus
549 1182 596 1227 ὅ(
623 1194 725 1227 non
752 1191 949 1227 vocatus
966 1211 980 1232 ,
1019 1181 1312 1223 intervenire
1336 1179 1591 1227 conviviis,
1670 1178 1778 1242 Jam
1806 1183 1925 1235 vero

138 1256 260 1304 hanc
285 1255 435 1318 ipsam
463 1252 676 1302 Ecclefioe
701 1248 1086 1310 Metropolitanae
1111 1249 1532 1311 profanationem,
1561 1255 1607 1302 ὅ(
1632 1253 1835 1307 stantem
1871 1262 1923 1310 in

137 1329 256 1375 loco
280 1322 440 1370 sancto
458 1320 888 1369 abominationem
914 1336 970 1369 ex
996 1322 1128 1370 sacro
1155 1319 1240 1370 suo
1267 1326 1468 1375 tumulo
1486 1327 1757 1395 S-Joannes
1780 1332 1924 1397 signi-

137 1396 316 1446 ficavit.
394 1395 653 1457 Siquidem
680 1397 971 1444 imminente
996 1397 1076 1445 illa
1100 1397 1160 1445 ab
1187 1398 1416 1448 haereticis
1436 1402 1737 1463 calamitate,
1758 1406 1922 1471 saepius

137 1471 281 1521 noste
309 1471 526 1534 gemitus
552 1470 597 1517 ὅ(
620 1469 894 1532 lacrymosae
918 1472 1138 1534 quaedam
1166 1488 1312 1522 voces
1337 1475 1397 1522 ab
1424 1477 1533 1524 imo
1557 1480 1730 1542 templi
1754 1485 1941 1532 audie-·

136 1545 315 1596 bantur
342 1566 352 1594 :
404 1543 645 1594 Custodes
670 1556 838 1593 autem
876 1545 1074 1609 templi,
1105 1545 1314 1596 studiose
1336 1552 1550 1613 gemitus
1585 1552 1699 1603 illos
1735 1554 1916 1619 secuti,

136 1620 587 1670 animadverterunt
610 1633 713 1667 non
737 1619 913 1677 semel,
933 1635 990 1668 ex
1011 1620 1057 1670 S.
1082 1621 1285 1689 Joannis
1309 1624 1509 1673 tumulo
1532 1628 1676 1676 exire.
1755 1631 1919 1680 Nimi.

134 1709 244 1742 rum
268 1694 470 1742 dolebat
492 1692 650 1742 sanilo
672 1695 778 1743 viro
801 1694 1225 1756 (quantunisansti
1250 1697 1420 1747 dolere
1446 1699 1663 1764 poffunt)
1686 1703 1914 1756 dilectam

132 1766 416 1831 Pragensem
440 1766 690 1817 ecclesiam
720 1779 793 1815 tot
819 1767 953 1816 brevi
978 1768 1232 1835 sacrilegiis
1256 1773 1609 1834 profanandam
1625 1814 1635 1833 ,
1658 1792 1766 1839 quse
1786 1795 1915 1829 nun-

132 1857 283 1905 quam
309 1839 447 1897 ante,
486 1858 543 1891 ex
567 1857 671 1905 quo
696 1841 1096 1893 aS.Wenceslao
1118 1845 1315 1894 fundata
1338 1860 1463 1902 erat,
1487 1865 1550 1898 ne
1572 1853 1777 1913 quidem
1794 1855 1913 1905 Hus-

132 1915 183 1965 fii
210 1928 290 1966 aut
314 1916 476 1980 postea
500 1916 800 1980 Rokyczanae
823 1918 1155 1981 temporibUS‚
1181 1918 1525 1971 haereticorum
1551 1925 1754 1989 impuris
1773 1928 1912 1979 sacris

132 1991 385 2053 profanata
410 1990 582 2040 fuiffet.
660 1992 752 2040 Sed
778 1991 938 2055 plures
961 1992 1074 2042 sacri
1096 1994 1228 2043 illius
1255 1997 1438 2044 tumuli
1456 2003 1779 2063 praerogativae
1802 2004 1908 2066 pos-

131 2064 233 2112 sent
255 2065 429 2113 adferri
455 2080 469 2114 z
519 2080 633 2114 nam
655 2066 762 2114 aliis
786 2081 992 2130 quoque
1018 2070 1323 2130 temporibus
1349 2071 1552 2120 eccleliae
1579 2074 1621 2121 S.
1638 2076 1740 2124 Viti
1767 2092 1909 2126 excu-

135 2138 334 2195 bitores,
356 2139 413 2187 ad
436 2141 743 2189 indicandam
771 2140 960 2189 fortasse
982 2142 1129 2191 sancti
1155 2145 1243 2190 viri
1269 2144 1636 2196 sanctimoniam
1660 2149 1704 2196 ὅ(
1730 2151 1782 2199 in
1803 2168 1909 2202 coe-

131 2213 183 2260 lo
207 2214 416 2278 gloriam
432 2251 443 2271 ,
464 2215 661 2263 amabili
685 2214 896 2278 quadam
920 2217 1027 2265 luce
1051 2216 1321 2280 sepulcrum
1349 2219 1470 2268 illud
1508 2223 1666 2287 cingi,
1689 2225 1734 2272 δε
1761 2228 1906 2278 radiis

129 2289 379 2337 coruscare
406 2288 643 2338 viderunt.
721 2290 899 2352 Neque
925 2291 971 2338 id
997 2292 1209 2341 mitum:
1255 2309 1341 2357 pro
1367 2295 1587 2344 thesauro
1610 2296 1674 2345 cst
1689 2299 1907 2366 Pragenli

132 2361 396 2410 ecclefiaeS.
412 2363 638 2429 Joannes,
654 2363 737 2411 ubi
753 2361 870 2412 vero
894 2364 1098 2413 thesauri
1120 2365 1313 2421 lateant,
1331 2370 1463 2426 ajunt
1478 2371 1617 2434 ignes
1634 2388 1902 2440 emergere,

319 2437 404 2487 28.
442 2437 706 2500 Praecipuus
731 2438 1000 2506 S.Joannes
1026 2442 1413 2503 Nepomucenus
1438 2444 1671 2495 Patronus
1692 2449 1902 2501 &Tuta.

129 2521 205 2561 tor
228 2524 403 2560 eorum
428 2509 666 2575 habetur,
704 2514 882 2578 quibus
904 2512 1113 2564 infamiae
1133 2518 1402 2576 periculum
1425 2520 1626 2585 aliquod
1651 2524 1903 2588 imminet,

1118 2589 1164 2638 D
1546 2597 1557 2609 ’
1720 2593 1826 2663 qui·
