2180 2833
231 99 304 175 36
932 92 1322 170 Supplementum

227 221 501 289 respiraret,
539 220 586 269 ὅ(
612 217 901 283 Metropolis
925 220 1140 287 Pragena
1168 222 1602 285 redintegraretur,
1640 237 1789 273 novas
1816 234 2015 282 tamen,

227 310 309 349 aut
332 300 634 347 continuatas
659 295 821 343 turbas
845 295 1075 361 religioni
1103 294 1333 345 facessivit
1360 296 1570 345 rediviva
1599 292 1624 346 ὲ
1650 297 1869 348 nefandis
1896 299 2016 349 Hus-

228 373 280 424 fii
305 371 550 422 cinei-ibus
576 369 695 418 reeta
718 408 731 428 ‚
755 369 936 428 anseri,
960 383 1040 421 aut
1065 386 1220 420 corvo
1247 371 1334 420 suo
1359 386 1440 435 par
1465 387 1650 426 ovum,
1685 387 1918 437 perquam
1945 390 2017 423 re-

229 446 436 514 gnicolae
456 446 507 493 in
538 458 653 502 em,
679 446 766 508 qui
790 444 835 494 se
846 441 931 512 fitb
947 461 1065 504 una,
1093 439 1278 509 eo'sque
1294 485 1305 502 ,
1334 447 1419 509 qui
1448 446 1492 495 se
1505 442 1589 514 fhb
1614 458 1805 516 utraque
1834 450 2017 498 vocita-

229 524 377 582 bant,
400 517 516 569 scissi
542 520 731 568 tamdiu
756 519 882 578 sunt,
910 520 1033 569 dnm
1064 518 1235 586 insigni
1264 520 1370 575 illa,
1389 522 1435 568 δ(
1462 519 1714 571 Austriacae
1743 524 1904 586 pietati
1934 522 2016 572 de-

231 597 332 646 bita
347 595 549 646 victoria
561 590 693 658 pone
706 596 905 660 Pragarn
929 595 978 644 in
995 595 1129 645 Albo
1146 606 1336 652 monte,
1354 594 1485 650 Deo,
1501 593 1771 660 Caesarique
1794 597 2017 661 perduel-

227 672 301 721 les
328 670 509 719 dorniti
533 705 548 727 ‚
587 685 642 719 ac
667 670 860 734 utrique
883 670 964 720 sua
989 670 1102 720 dare
1126 668 1364 735 compulsi
1382 708 1396 729 ,
1431 667 1484 720 in
1508 671 1723 720 Ecclesiae
1746 675 2015 731 unionem,

226 742 572 808 unitatemque
597 744 948 809 redigerentur.
1005 745 1100 795 Sed
1127 760 1247 794 mox
1269 758 1459 794 novum
1489 746 1601 794 inde
1626 760 1807 811 regnO,
1833 747 1878 794 ὃ(
1904 747 2017 794 reli-

226 821 366 887 gioni
392 816 420 869 ὲ
442 820 771 883 septentrione
796 820 983 869 malum
1011 819 1288 869 tricennalis
1317 819 1520 878 suecici,
1560 821 1606 868 δ(
1632 821 1848 868 Luthero
1873 821 2014 881 jurati

226 896 395 946 Martis
420 894 557 944 furor
577 917 591 954 3
627 893 729 958 post
752 909 904 958 quem
930 909 1017 960 pax
1031 893 1652 959 WestphalieaGermaniae
1675 891 1846 959 magn,
1864 894 2013 960 quam

226 969 479 1021 Bohemiae
503 968 640 1017 sacris
657 969 827 1027 noxia,
866 971 1046 1032 quietis
1072 968 1300 1017 nonnihil
1326 968 1550 1018 attulisset
1578 999 1592 1023 ,
1632 968 1715 1018 nifi
1738 967 1885 1034 paulo
1910 968 2013 1034 post

229 1046 335 1094 lues
361 1042 672 1108 Epidemica‚
701 1038 920 1107 moxque
943 1043 1297 1092 othomannica
1317 1057 1476 1101 arma,
1501 1043 1548 1091 vi
1574 1042 1800 1098 Austriae‚
1838 1044 2013 1093 formi-

231 1120 345 1170 dine
370 1116 622 1169 Bohemiae
644 1117 801 1172 illata,
829 1118 957 1166 mala
985 1132 1067 1171 ea,
1090 1132 1200 1181 quae
1224 1117 1461 1171 viximus,
1485 1116 1801 1180 protulissent.

367 1194 532 1257 Atque
556 1191 656 1242 haec
682 1204 926 1256 quantum
953 1193 1171 1241 humana
1195 1191 1470 1247 conjenura
1495 1191 1639 1250 valet,
1661 1190 1820 1241 fecisse
1844 1190 2012 1241 cense-

231 1285 370 1326 mm,
396 1283 500 1332 quo
527 1263 688 1316 minus
712 1263 836 1315 serio
858 1281 1108 1331 unquam,
1126 1281 1181 1315 ac
1207 1263 1466 1314 efficaciter
1487 1266 1563 1329 agi
1589 1268 1800 1328 potuerit
1825 1264 1884 1314 de
1910 1281 2011 1315 coe-

227 1345 375 1394 litum
401 1341 794 1405 honoribuS‚qui
818 1340 957 1391 servo
981 1342 1074 1389 Dei
1103 1356 1223 1390 mox
1250 1347 1275 1392 a
1298 1340 1428 1389 fasto
1454 1341 1689 1403 martyrio
1713 1338 1866 1389 habiti
1889 1338 2010 1399 sunt,

227 1417 395 1469 eidem
422 1416 712 1482 Apostolicae
732 1416 855 1465 sedis
878 1416 1083 1466 oraculo
1109 1413 1388 1469 firmandis,
1426 1426 1571 1478 atque
1594 1415 1654 1463 ad
1677 1415 1857 1478 publici
1879 1451 1892 1473 ,
1933 1413 2009 1463 so·

227 1488 486 1556 lenuisque
514 1485 672 1541 cultfis
694 1491 903 1556 gradum
928 1489 1202 1540 efferendis,
1249 1488 1572 1556 Qamquam
1599 1488 1879 1552 supremum
1899 1490 2008 1538 Nu-

228 1583 348 1619 men
376 1568 526 1616 Beato
551 1567 750 1631 Martyri
771 1566 968 1616 dilatam
995 1577 1096 1615 tam
1124 1566 1236 1619 diu,
1274 1561 1696 1627 intermissamque
1732 1564 2010 1612 veneratio-

228 1658 351 1692 nem
379 1642 669 1690 canonicam
684 1677 700 1701 ,
724 1641 814 1690 viis
841 1640 945 1689 aliis
967 1635 1164 1689 abunde
1189 1639 1417 1703 pensavit,
1435 1637 1639 1703 quando
1663 1638 1791 1687 nihil
1813 1639 1863 1686 in
1887 1652 2008 1687 con-

226 1718 431 1767 trarium
457 1713 825 1780 proficientibus
848 1714 931 1768 iis,
956 1727 1074 1776 quas
1101 1713 1235 1775 supra
1258 1713 1614 1768 recensuimus,
1637 1713 1833 1774 perditae
1857 1707 2009 1776 prope

225 1791 477 1857 religionis
502 1786 866 1852 tempestatibus
888 1823 901 1844 ‚
937 1787 1045 1835 suus
1070 1780 1312 1849 perpetuo
1334 1785 1462 1835 Viro
1484 1783 1576 1832 Dei
1600 1821 1613 1842 ,
1651 1785 1815 1833 cultus
1835 1785 2007 1832 consti-

227 1868 288 1916 tit
316 1887 326 1915 :
366 1880 421 1915 ac
443 1862 760 1928 quantumvis
785 1861 960 1911 iisdem
976 1892 990 1916 ‚
1015 1860 1199 1924 quibus
1221 1859 1356 1908 sacrae
1380 1859 1494 1907 Deo
1516 1857 1665 1918 aedes,
1695 1860 1737 1907 ἃ
1756 1858 2008 1908 Coenobia

228 1955 313 2007 per
336 1938 617 1990 Bohemam
641 1934 854 1986 haeresim
881 1934 1265 2000 conflagrarunt,
1290 1932 1503 1983 flammis
1521 1971 1533 1991 ‚
1556 1934 1758 1998 antiqua
1778 1933 1839 1982 de
1853 1934 2008 2001 Joan·

230 2031 292 2066 ne
317 2024 651 2064 monumenta
673 2012 963 2076 consumpta
986 2008 1075 2059 sint
1091 2047 1104 2067 ‚
1137 2009 1322 2059 fastum
1347 2020 1516 2057 tamen
1541 2007 1606 2057 est
1628 2008 1913 2073 disponente
1940 2009 2006 2056 ita

229 2091 412 2141 Divina
435 2087 746 2139 Providentia
769 2118 785 2142 ‚
818 2101 872 2136 ut
893 2085 1053 2151 plures
1080 2083 1370 2136 salvarentur
1393 2082 1587 2132 codices
1613 2083 1674 2132 ab
1696 2081 2006 2133 Authoribus

228 2164 663 2229 contemporaneis
678 2200 690 2221 ,
712 2162 759 2210 &
782 2162 958 2212 vicinis
981 2160 1043 2209 de
1065 2158 1283 2224 glorioso
1306 2159 1412 2209 Viri
1438 2159 1685 2222 Martyrio‚
1705 2158 1765 2206 de
1787 2157 1923 2207 cultu
1947 2157 2005 2205 il-

229 2240 267 2289 li
291 2238 522 2305 praestito‚
545 2237 606 2286 de
631 2238 795 2302 gratiis
817 2252 883 2286 eo
908 2236 1268 2285 interveniente
1289 2233 1534 2287 obtentis,
1559 2232 1815 2296 conscripti
1838 2269 1851 2290 ,
1891 2233 2005 2294 qui-

233 2314 325 2363 bus
358 2312 508 2363 fidem
546 2311 843 2361 roborabant
866 2308 1003 2360 affixa
1028 2308 1337 2359 anathemata
1356 2346 1369 2367 ‚
1409 2309 1456 2357 ὅ(
1483 2307 1715 2372 insculpta
1739 2306 2004 2371 parietibus

232 2389 456 2453 prodigia
482 2411 495 2447 3
531 2385 835 2452 probantque
867 2382 950 2447 (ut
972 2385 1139 2450 legere
1164 2383 1229 2434 est
1255 2386 1310 2433 in
1332 2399 1507 2449 opere,
1533 2384 1612 2432 cui
1637 2382 1804 2432 titulus
1828 2402 1838 2430 :
1891 2378 2005 2428 AHa

230 2465 462 2532 utriusque
485 2458 699 2531 proceffits
730 2463 780 2510 in
812 2458 944 2527 causa
978 2461 1352 2509 Canonizatiom's
1388 2465 1438 2508 B.
1463 2459 1667 2525 Joannis
1702 2456 2007 2524 Nepomuceni

231 2540 450 2605 Martyris
476 2539 558 2590 &a
633 2538 836 2591 Viennae
856 2531 1126 2588 secundum
1151 2534 1397 2601 exemplar
1414 2535 1587 2587 Romae
1610 2532 1840 2584 excusum
1865 2528 2006 2579 edito

1802 2619 1937 2655 anno
