2180 2833
573 137 706 200 Vitae
731 136 780 200 S.
793 132 858 220 3
857 143 1025 198 oannis
1048 138 1391 215 Nepomuceni
1411 140 1505 200 M.
1866 158 1939 224 59

149 264 279 316 Arce·
300 264 453 331 Regia
478 276 702 315 exortum
727 303 740 322 ‚
774 264 840 314 est
860 303 874 325 ‚
912 262 1038 316 adeo
1057 266 1191 317 laesus
1213 306 1227 329 ,
1266 280 1322 318 ut
1346 267 1462 320 hinc
1485 268 1602 320 inde
1627 266 1760 336 supra
1786 271 1931 325 illum

146 339 237 391 fint
259 341 503 390 foramina
530 342 589 391 ad
617 338 876 390 craffitiem
900 343 1044 390 unius
1067 343 1224 408 digiti.

293 416 350 465 Et
372 418 483 481 quia
508 432 591 482 per
616 415 832 464 sedulam
858 417 1217 481 inspectionem
1241 430 1557 483 compertum
1581 419 1688 480 fuit,
1705 416 1843 485 quod
1863 422 1934 473 su-

143 503 229 555 per
255 492 435 541 eodem
462 492 621 557 lapide
646 489 963 555 sepulchrali,
1011 494 1061 541 in
1082 493 1366 544 summitate
1391 495 1611 553 ejusdem
1637 495 1779 546 incisa
1800 534 1813 554 ,
1851 499 1934 549 seu

142 564 375 632 insculpta
398 566 488 617 lint
511 565 784 617 charadiere
805 565 993 632 prorsus
1017 565 1382 633 antiquissimo,
1401 566 1647 635 sequentia
1672 571 1929 625 videlicet:

461 713 1609 800 JOANNESDEPOMVK

144 858 330 961 Hinc
364 865 544 922 auditi,
583 867 630 916 &
667 867 930 917 exanimati
965 864 1171 932 desuper
1204 865 1512 932 Antiquarii,
1548 867 1627 918 seu
1662 869 1932 935 Scriptores

279 941 473 1004 prastici
503 943 837 993 charasterurn
866 943 1185 1006 antiquorum
1214 943 1465 1006 supradiffl
1490 981 1502 1001 ,
1540 941 1724 1008 nempe
1749 946 1930 995 Domi-

142 1030 234 1063 nus
255 1016 471 1082 Joannes
496 1018 746 1065 Florianus
777 1017 1228 1064 Hammcrschmidt
1243 1051 1255 1069 ,
1276 1016 1321 1060 ὅ(
1337 1016 1584 1065 Dominus
1599 1020 1930 1072 Wenceslaus

42 1113 80 1134 ε,
140 1087 498 1137 Constantinus
523 1087 809 1145 Potutzjek,
833 1089 879 1136 vi
905 1086 975 1135 sui
1000 1086 1027 1134 a
1053 1086 1096 1134 se
1133 1087 1218 1148 (ut
1244 1083 1378 1152 supra
1404 1089 1453 1137 in
1479 1089 1620 1154 actis)
1660 1095 1928 1158 corporali-

140 1174 214 1211 ter
238 1159 426 1226 praestiti
450 1163 711 1218 juramenti
731 1200 743 1219 ‚
768 1161 1119 1220 judicarunt‚&
1149 1161 1474 1223 censuerunt,
1497 1165 1726 1226 judicant,
1746 1169 1793 1217 &
1813 1184 1928 1220 cen-

142 1234 270 1293 sent,
295 1235 432 1299 quod
462 1236 517 1284 sit
543 1239 593 1285 in
622 1235 718 1286 hoc
745 1237 903 1301 lapide
929 1236 1213 1300 sepulchrali
1238 1238 1346 1287 talis
1370 1239 1640 1297 character,
1664 1255 1812 1307 prout
1835 1242 1926 1295 illo

142 1321 397 1373 tempore,
435 1311 664 1360 videlicet
689 1312 747 1360 de
773 1327 905 1361 anno
930 1309 1197 1360 millesimo
1219 1313 1564 1366 tercentesimo
1587 1317 1927 1382 o&uagefimo

144 1387 291 1433 tertio
315 1386 364 1432 in
392 1386 475 1433 usu
499 1399 623 1442 crat,
650 1401 704 1435 ac
729 1387 877 1435 etiam
903 1401 959 1434 ex
985 1400 1039 1434 ea
1064 1388 1274 1445 ratione,
1301 1385 1438 1452 quod
1459 1391 1620 1454 apices
1648 1392 1893 1442 literarum
1910 1432 1923 1452 ,

142 1459 192 1507 in
224 1459 417 1507 Sacello
442 1461 787 1525 Sternbergico
817 1458 1100 1510 Beatiffimae
1140 1462 1357 1527 Virginis
1382 1465 1693 1514 Annuntiatae
1715 1497 1730 1521 ‚
1769 1465 1928 1533 sepul-

138 1531 261 1582 chro
284 1530 595 1584 Venerabilis
622 1536 755 1584 Servi
788 1535 892 1585 DEI
920 1536 1122 1604 Joannis
1153 1538 1506 1601 Nepomuceni
1537 1541 1705 1590 vicino
1728 1573 1744 1597 ‚
1787 1542 1924 1606 supr-⁸1

138 1622 338 1656 murum
364 1609 532 1659 colore
559 1611 700 1675 nigro
728 1609 960 1674 scripti,&
986 1610 1184 1675 appositi
1204 1612 1264 1662 de
1288 1628 1421 1662 anno
1442 1614 1710 1665 millesimo
1736 1617 1923 1667 biscen-

139 1681 316 1730 tesimo
346 1683 594 1747 trigesimo
620 1723 632 1742 ,
666 1687 711 1733 &
738 1701 793 1734 ex
821 1698 949 1748 parte
978 1685 1170 1735 adversa
1195 1687 1256 1736 de
1281 1703 1412 1737 anno
1437 1689 1703 1740 millesimo
1733 1691 1919 1740 biscen-

138 1755 338 1810 tefimo,
373 1758 719 1818 septuagefimc)
744 1760 921 1802 osta-»⁷0
949 1759 1034 1803 fint
1061 1758 1364 1814 consimiles,
1401 1762 1446 1806 δε
1473 1764 1695 1817 ejusdem
1722 1763 1919 1822 formae,

136 1830 272 1886 cujus
298 1828 403 1876 sunt
427 1831 583 1891 apices
602 1829 855 1876 literarum
884 1829 1019 1892 super
1055 1829 1211 1892 lapide
1245 1831 1529 1894 sepulchrali
1559 1835 1604 1883 d.
1629 1837 1754 1888 Ven.
1781 1839 1918 1889 Servi

137 1903 242 1952 DEI
264 1903 465 1971 Joannis
488 1904 843 1966 Nepomuceni
869 1901 1029 1957 incisi,
1059 1905 1138 1952 seu
1162 1904 1410 1970 exsculpti.

287 1978 374 2025 His
401 1978 624 2040 parastis,
648 1977 828 2026 deinde
853 1977 1120 2040 procefl'um
1148 1978 1211 2028 est
1236 1981 1294 2030 ad
1321 1983 1613 2039 ejeffionem
1635 1985 1812 2044 T'errae,
1833 1987 1916 2040 seu

136 2049 486 2114 expositionem
515 2053 575 2100 de
597 2051 852 2117 sepulchro
889 2052 1086 2116 praefato
1105 2090 1116 2108 ,
1156 2056 1291 2111 cujus
1315 2056 1578 2121 longitudo
1603 2063 1750 2110 trium
1779 2063 1912 2113 ulna·

137 2142 274 2185 rum,
314 2127 522 2174 latitudo
546 2139 710 2175 autem
741 2130 883 2175 unius
908 2126 1052 2185 ulnae,
1085 2127 1130 2174 ὃς
1160 2131 1304 2177 unius
1330 2133 1607 2193 quadrantis
1633 2135 1724 2184 suit
1750 2137 1915 2187 obser·

135 2214 255 2251 vata.
315 2202 367 2250 Et
394 2201 647 2265 postquam
677 2202 923 2259 ejusmodi
948 2203 1095 2249 Terra
1122 2203 1180 2251 ad
1203 2204 1360 2253 bonas
1386 2208 1506 2256 duas
1533 2208 1667 2258 ulnas
1696 2212 1814 2261 infra
1844 2213 1913 2262 la-

134 2279 300 2340 pidem
329 2275 702 2339 sepulchralem,
745 2277 978 2341 utsupra,
1019 2276 1265 2333 levatum,
1303 2294 1359 2328 ac
1383 2294 1661 2340 remotum,
1702 2286 1913 2351 expolita

135 2351 316 2406 fuisset,
342 2353 601 2400 inventum
627 2351 720 2400 fuit
748 2352 970 2415 CorpuS,
997 2353 1134 2415 quod
1161 2354 1310 2410 jacuit
1335 2356 1383 2402 in
1408 2356 1554 2418 pleno
1576 2360 1776 2418 ordine,
1802 2377 1913 2426 pro.

136 2439 187 2473 ut
214 2425 420 2489 positum
450 2438 548 2474 erat
568 2458 580 2479 ‚
621 2426 779 2475 versus
801 2429 1061 2474 Orientem
1087 2464 1100 2484 ,
1139 2426 1253 2476 ficut
1277 2430 1559 2480 Sacerdotes
1583 2436 1814 2485 tumulari
1840 2437 1911 2485 so-

139 2501 239 2548 lent
263 2537 274 2557 ,
313 2503 466 2563 capite
492 2502 550 2549 ad
575 2501 787 2550 dextram
816 2515 1001 2565 partem
1033 2503 1308 2566 aliqualiter
1334 2505 1566 2556 inclinato
1585 2540 1598 2563 ,
1633 2505 1793 2573 positis
1825 2526 1911 2574 per

136 2575 356 2625 Crucem
385 2590 623 2625 manuum
649 2574 843 2626 Ossibus
872 2576 970 2626 fine
997 2590 1168 2631 carne,
1205 2578 1251 2624 ὅ(
1279 2578 1599 2647 sarcophago,
1637 2595 1805 2648 praeter
1824 2586 1913 2635 ali-

1136 2650 1181 2699 H
1214 2667 1246 2699 2
1712 2672 1835 2722 quas
