2180 2833
207 120 282 181 52
908 97 1294 175 Supplementum

207 230 353 280 nium
377 226 670 293 implorare,
700 223 779 275 vel
805 239 896 289 pro
925 224 1194 290 impetratis
1219 222 1382 290 gratiis
1406 226 1585 290 gratias
1610 223 1790 278 referre
1817 250 1833 288 ς
1872 228 1992 280 frui-

208 317 289 354 tur
318 307 359 355 is
391 318 522 352 nunc
556 302 777 366 Martyris
813 299 1006 350 honore
1043 315 1126 364 per
1151 300 1524 349 Authoritatem
1553 299 1730 350 Christi
1767 303 1814 352 in
1854 304 1996 354 terris

209 379 393 431 Vicarii
418 415 432 435 ‚
465 376 549 440 qui
571 407 585 432 ,
620 387 672 424 ut
694 374 856 440 ipsum
883 375 1083 426 formali
1107 374 1514 425 canonizatione
1535 388 1648 424 ante
1673 375 1809 426 diem
1837 377 1994 428 Anni.

205 452 465 505 versariam
490 450 780 501 Sanctorum
804 449 943 500 Albo
968 450 1166 508 inserat,
1188 448 1403 514 sperant,
1430 451 1477 498 &
1501 462 1677 515 rogant
1700 450 1867 501 devoti
1893 453 1995 501 Cli-

209 540 378 587 enteS‚
418 524 485 576 est
510 526 571 575 ad
598 525 696 575 hoc
723 528 924 575 materia
948 537 1226 589 praeparata‚
1260 524 1517 589 prodigia,
1555 527 1602 574 ὅ(
1631 526 1865 575 miracula
1891 541 1997 576 exa-

208 603 424 658 minata,
462 601 509 648 &
536 616 622 665 per
646 601 829 658 juratos
854 600 1019 650 Testes
1044 602 1247 664 probata
1263 637 1275 656 ‚
1313 601 1360 647 &
1385 599 1506 664 quid
1534 599 1734 649 testibus
1755 615 1877 661 opus
1901 600 1994 650 est?

205 691 324 728 cum
349 677 484 726 Deus
505 675 819 725 Sanstitatem
843 677 951 728 Viri
978 690 1063 738 per
1085 675 1514 724 conservationem
1547 675 1677 723 illius
1706 673 1997 724 instrumen-

207 752 272 810 ti,
297 748 400 816 qu&
417 751 676 801 Secretum
698 751 998 800 Sacramenti
1020 749 1340 809 custodire,&
1364 745 1529 814 potius
1554 750 1684 798 mori
1709 749 1881 807 voluit,
1902 751 1995 798 mi-

205 825 370 875 litanti
396 823 610 875 Ecclefiae
636 825 943 876 manifestam
972 824 1141 875 reddat
1163 855 1179 879 ,
1217 839 1313 873 nec
1337 826 1472 873 enim
1502 822 1584 872 bic
1613 824 1843 872 naturalis
1867 825 1996 874 ratio

207 900 446 955 obtendi,
469 915 561 949 nec
584 900 760 948 oculus
784 899 884 950 falli
907 898 1064 965 potest
1079 937 1091 958 ‚
1112 901 1196 964 qui
1222 899 1283 948 de
1305 900 1402 948 hoc
1427 897 1631 955 dubitat,
1644 896 1875 946 scrutetur
1891 899 1996 947 Me-

206 975 471 1030 dicorum,
504 976 550 1021 &
575 973 934 1034 Chirurgorum
958 976 1211 1026 examina,
1243 974 1384 1023 adeat
1406 973 1636 1036 Frangam,
1671 974 1719 1020 δε
1746 972 1995 1037 magnalia

207 1049 308 1099 Dei
331 1045 519 1098 videbit
539 1083 555 1107 ‚
592 1060 681 1111 per
703 1059 810 1110 quae
835 1047 1074 1096 virtutem
1099 1045 1167 1094 sui
1192 1042 1349 1093 fidelis
1371 1045 1506 1094 Servi
1528 1049 1804 1095 coronavit.
1880 1047 1996 1095 Haec

209 1124 297 1176 ibi.

347 1198 604 1248 Ultimum
642 1196 742 1247 hoc
772 1210 993 1250 novum,
1032 1194 1080 1243 δε
1117 1193 1305 1260 insigne
1341 1195 1636 1244 miraculum
1667 1193 1997 1245 Postulatores

208 1269 452 1325 Proceffsis
476 1272 672 1324 secundi
696 1284 783 1321 art.
802 1286 846 1320 1.
874 1285 1012 1320 num.
1030 1273 1078 1320 6.
1105 1268 1166 1319 fic
1189 1265 1511 1333 proposuere:

348 1345 502 1396 Porro
539 1346 792 1408 ejusmodi
828 1344 1230 1397 manifestationis
1266 1344 1430 1410 gloriae
1465 1345 1513 1393 Β.
1547 1345 1753 1412 Joannis
1796 1358 1993 1394 novum

206 1419 489 1489 nuperrime
525 1420 718 1472 emersit
753 1433 1085 1486 augmentum
1122 1419 1192 1469 ob
1227 1417 1639 1469 evidentissimum
1678 1419 1994 1483 prodigium,

208 1499 346 1564 quod
375 1497 605 1548 hactenus
628 1499 677 1546 in
702 1497 874 1545 abdito
900 1494 1142 1546 manserat
1165 1531 1180 1552 ‚
1217 1493 1470 1544 occafione
1505 1495 1785 1555 aperitionis
1819 1492 1992 1557 Sepul-

205 1573 342 1630 chri,
375 1568 609 1636 praemissa
640 1572 985 1637 recognitione
1019 1569 1310 1626 identitatis,
1344 1585 1403 1619 ex
1437 1567 1738 1632 depositione
1773 1569 1991 1617 duorum

208 1646 431 1697 Testium
457 1649 716 1695 Summario
743 1663 788 1695 n.
820 1662 897 1707 14.
919 1651 961 1706 55.
1002 1660 1046 1695 1.
1074 1641 1134 1696 Εἴ
1141 1661 1187 1693 2.
1205 1682 1217 1703 ,
1259 1660 1316 1694 ac
1343 1660 1399 1693 ex
1422 1644 1733 1707 inscriptione
1771 1643 1993 1691 nominis

206 1722 424 1790 Joannes
456 1722 519 1768 de
557 1719 752 1766 Pomuk
782 1716 946 1764 ibidem
969 1724 1015 1775 55.
1041 1737 1090 1771 9.
1123 1735 1240 1761 cum
1264 1717 1513 1762 assistentia
1538 1722 1687 1765 trium
1715 1719 1994 1777 peritorum

203 1799 256 1848 in
283 1807 383 1844 arte
411 1793 632 1846 Medi-ca,
655 1807 712 1841 ac
736 1791 951 1840 duorum
978 1791 1029 1837 in
1055 1788 1369 1851 chirurgica,
1395 1783 1558 1834 ibidem
1582 1791 1627 1847 51.
1653 1797 1691 1848 3.
1718 1783 1784 1835 eo
1806 1786 1992 1847 aperto,

208 1868 468 1935 egestaque
495 1862 656 1916 humo
679 1897 693 1921 ‚
734 1861 833 1930 qua
857 1864 1052 1913 loculus
1073 1862 1301 1927 oppletus
1322 1875 1424 1911 erat
1448 1899 1461 1918 ‚
1502 1861 1710 1925 aspectui
1738 1861 1781 1910 se
1805 1861 1999 1912 obtulit-

206 1946 414 1996 cadaver
437 1941 657 2000 ejusdem
682 1941 732 1990 B.
757 1941 982 2009 Joanni3‚
1005 1934 1171 1986 ibidem
1192 1941 1236 1997 ᾖ.
1257 1949 1335 1986 10.
1351 1974 1364 1992 ,
1387 1936 1538 2000 quod,
1562 1937 1679 1985 licet
1703 1951 1846 1985 carne
1873 1951 1990 1986 exu-

208 2033 318 2071 tum
335 2057 347 2076 ‚
369 2018 695 2067 nihilominus
718 2017 933 2079 apparuit
956 2010 1011 2063 ea
1032 2010 1193 2062 forma
1215 2013 1518 2061 collocatum
1533 2043 1546 2064 ‚
1588 2024 1643 2061 ut
1667 2007 1886 2074 inspecto
1910 2026 1993 2062 na-

209 2094 356 2144 turali
382 2093 554 2141 ordine
576 2093 872 2140 concinnius
893 2089 1102 2153 adaptari
1128 2103 1231 2136 non
1256 2086 1477 2151 potuisset
1495 2088 1623 2144 juxta
1641 2087 1876 2145 judicium
1891 2087 1993 2135 Me-

209 2170 470 2221 dicorum,
493 2163 655 2215 ibidem
675 2171 720 2227 55⁷.
744 2183 822 2215 12.
844 2166 924 2213 16.
950 2169 994 2225 55.
1018 2176 1098 2224 19.
1115 2201 1126 2219 ,
1154 2173 1240 2227 23.
1263 2158 1418 2213 (526.
1446 2171 1529 2225 30.
1563 2163 1609 2209 ὅ(
1631 2163 1991 2226 Chirurgorum

211 2241 376 2294 ibidem
399 2247 440 2302 55.
463 2256 544 2304 33.
567 2260 645 2298 37·
661 2237 813 2302 [540.
874 2235 1093 2289 Ulterius
1115 2238 1263 2288 Castae
1286 2238 1444 2286 lateris
1468 2238 1630 2286 finistri
1654 2233 1799 2286 succo
1824 2236 1994 2299 plenae‚

209 2319 292 2367 seu
327 2319 546 2382 quodam
581 2316 867 2382 oleaginoso
900 2316 1111 2363 humore
1148 2314 1356 2363 madidae
1392 2311 1495 2361 visae
1532 2311 1664 2370 sunt,
1691 2323 1743 2360 ut
1777 2309 1995 2359 referunt

213 2392 423 2443 Medici,
449 2387 613 2440 ibidem
636 2397 679 2453 55.
710 2405 792 2454 13.
819 2402 905 2442 20.
930 2385 990 2441 cf
1004 2403 1102 2452 27,
1134 2389 1183 2439 δε
1208 2386 1511 2442 concordant
1533 2387 1792 2453 Chirurgi,
1822 2381 1990 2436 ibidem

214 2471 258 2528 5-
283 2476 366 2533 34-
392 2459 547 2530 ⁶541·
595 2501 600 2507 ·

1851 2609 1922 2662 At
