2180 2833
783 74 1465 138 PROLOGUS.

225 203 420 281 (quod
446 202 494 259 ei
520 203 574 258 δε
600 199 656 255 in
677 196 944 272 baptismo
969 241 986 265 ,
1025 201 1079 255 ὅ(
1117 200 1298 271 postea
1327 197 1460 254 dum
1485 198 1660 254 infans
1690 213 2017 274 coronatur,

227 278 485 343 ominose
510 276 788 350 contigiffe
814 272 992 330 scribit
1023 273 1214 329 Paulus
1240 273 1420 330 Zidets
1442 275 1498 331 in
1526 274 1807 334 Chronico
1839 279 2018 335 Bohe-

226 362 355 418 miae
381 359 466 413 M.
482 356 576 427 5.)
606 353 837 416 sederet,
863 349 916 404 id
941 352 1012 404 est
1037 346 1324 405 libidinose
1348 354 1402 406 δε
1427 350 1715 408 crudeliter
1737 370 2023 429 regnaret;

225 452 412 493 tamen
435 434 491 487 in
515 442 665 484 tanta
687 426 915 482 universi
943 425 1096 499 regni
1123 443 1150 480 ι
1176 425 1353 499 capite
1377 426 1472 480 suo
1499 430 1823 500 corruptela,
1848 431 2023 486 Eccle-

227 515 296 568 fia
325 506 652 573 Bohemica,
696 506 749 558 δε
777 498 1052 573 praecipue
1078 501 1354 574 Pragenfis
1382 501 1820 572 Metropolitana
1848 548 1863 571 ,
1905 520 2020 562 tam

223 585 417 659 insigni
440 596 671 637 numero
693 577 970 636 virorum,
997 577 1207 630 summa
1233 576 1443 649 generis
1467 575 1738 643 claritate,
1758 579 2025 647 thehina,

223 664 386 720 rebus
411 655 622 712 fortiter
648 670 749 725 pro
774 651 1015 706 Ecclesiae
1038 651 1385 705 immunitate
1409 652 1585 724 gestie,
1607 651 1738 706 vitae
1763 654 2024 710 innocen·

225 740 299 796 tia
329 752 387 791 ac
417 728 765 787 sanctimonia
788 769 802 790 ‚
842 726 1159 798 caeteri'sque
1185 743 1518 799 magnorum
1540 726 1893 783 Sacerdotum
1917 729 2029 784 vir-

224 812 435 871 tutibus
465 824 532 861 eo
558 818 815 876 ternpore
842 799 1142 857 abundavit
1170 844 1185 868 ,
1226 815 1288 856 ut
1316 819 1432 856 non
1464 801 1634 856 ferrea
1665 845 1682 869 ,
1721 802 1809 858 vel
1846 804 2024 875 lutea3

224 888 312 946 sed
347 900 504 941 aurea
538 885 591 936 ὃς
620 895 870 951 gemmea
900 878 1142 932 Ecclesiae
1179 892 1429 949 tempora
1465 875 1667 931 rediifl'e
1696 876 2028 934 viderentur.

224 970 311 1024 De
332 962 416 1018 his
442 953 730 1012 illustribus
759 954 1032 1026 Pragenfis
1062 951 1304 1007 Ecclesiae
1329 951 1457 1006 viris
1487 951 1543 1006 in
1565 950 1781 1008 historia
1810 955 2025 1009 Metro-

225 1039 486 1117 politanae
511 1030 784 1103 Pragenfis
810 1028 1049 1083 Ecclesiae
1077 1029 1320 1102 egimus:
1362 1044 1507 1082 nunc
1524 1029 1572 1082 5.
1588 1029 1806 1093 Joannis
1838 1029 2026 1101 Nepo-

227 1111 491 1176 mucenfis
505 1105 986 1178 velNepomuceni
1007 1104 1175 1158 vitam
1197 1106 1250 1158 δε
1272 1117 1511 1158 mortem
1534 1101 1883 1158 feliciffimam
1903 1103 2026 1161 bre·

230 1193 285 1248 vi
313 1181 642 1259 compendio
668 1179 997 1252 compleciar
1023 1222 1034 1242 ‚
1071 1176 1234 1253 idque
1261 1179 1316 1233 in
1344 1180 1516 1233 arcani
1541 1174 1910 1233 Confeffionis
1936 1182 2026 1236 Sa-

230 1262 492 1325 cramenti
532 1258 656 1330 (cui
687 1256 776 1310 ille
798 1257 967 1310 vitam
999 1254 1148 1308 suam
1176 1254 1480 1326 impendit)
1520 1251 1795 1308 honorem
1824 1258 1876 1310 ὅ(
1902 1256 2025 1328 glo-

230 1345 388 1400 riam.
466 1338 545 1390 Ac
568 1331 704 1387 nihil
729 1348 835 1404 ego
861 1329 1084 1401 quidem
1108 1326 1355 1385 dubitem
1373 1371 1388 1394 ‚
1412 1329 1546 1383 tanti
1571 1330 1827 1401 Martyris
1843 1331 2027 1385 Vitam

232 1417 448 1494 pridem
471 1408 826 1479 conscriptam
853 1406 908 1459 in
931 1405 1250 1474 antiquitate
1274 1404 1454 1458 fuisse:
1496 1417 1549 1458 at
1569 1401 1807 1468 haeresis,
1829 1421 1955 1475 quae
1978 1404 2026 1460 S.

232 1490 451 1565 Joannis
478 1496 720 1542 mortem
745 1480 907 1554 paulo
934 1482 1049 1552 post
1079 1479 1321 1551 excepit,
1343 1477 1536 1533 iisdem
1561 1477 2026 1548 flammis‚quibus

234 1565 439 1640 templa
466 1566 520 1618 δε
543 1555 797 1614 coenobia
822 1557 1006 1611 omnia
1026 1554 1170 1627 apud
1197 1572 1301 1609 nos
1328 1551 1695 1615 confiderunt,
1733 1553 2026 1625 corrupiffe

231 1644 463 1701 videtur.
540 1634 688 1703 Qae
709 1633 874 1705 igitur
896 1631 962 1684 de
986 1628 1165 1684 sancio
1193 1630 1445 1699 Martyre
1469 1626 1776 1682 adferemus
1793 1667 1809 1690 ‚
1828 1628 1882 1680 in
1911 1646 2025 1682 ma-

234 1716 516 1788 nuscriptis
542 1710 787 1784 plurimis
813 1724 872 1760 ea
897 1720 1056 1759 aetate
1080 1704 1384 1757 viventium
1410 1701 1701 1754 hominum
1742 1701 2026 1770 (quorum

234 1795 372 1854 mihi
394 1786 628 1861 suppetit
656 1783 847 1854 copia)
887 1795 1006 1835 tum
1034 1780 1090 1832 in
1114 1794 1254 1850 typo
1279 1770 1530 1848 expreffis
1555 1773 1830 1830 codicibus
1854 1792 2029 1849 repet·-

342 1883 427 1936 ta,
454 1869 507 1921 δι
532 1863 587 1916 in
613 1859 769 1913 usum
794 1859 1001 1911 summa
1026 1852 1130 1908 fide
1157 1856 1210 1907 δε
1237 1852 1501 1923 religione
1525 1848 1773 1913 colle&a,
1804 1866 1922 1908 non

468 1954 582 1996 tam
605 1933 906 2006 diligentiae
929 1929 1102 1985 cuicui
1129 1945 1302 1993 meae,
1331 1927 1496 1997 quam
1522 1924 1796 1992 felicitati,

695 2009 849 2082 quod
874 2009 1093 2063 inventa
1118 2005 1216 2058 lint
1230 2046 1248 2072 ‚
1273 1999 1564 2074 adscribam

1078 2095 1180 2137 tur.
