2180 2833
227 109 306 181 48
920 97 1310 173 Supplementum

229 231 318 296 plis
341 224 693 278 recentioribus
712 219 843 283 juxta
865 258 878 280 ,
915 236 970 273 ac
994 222 1192 274 vetustis
1210 260 1225 281 ,
1264 223 1312 271 ὅ(
1334 220 1537 286 quidem
1563 232 1665 280 tot,
1697 237 1750 275 ut
1774 222 1916 277 facile
1935 227 2010 289 iix-⁴

230 304 354 355 stum
391 302 625 350 volumen
662 296 906 347 conficere
942 298 1126 362 poffern
1152 335 1166 356 ‚
1204 296 1284 347 sed
1323 295 1573 361 propositae
1615 299 1865 351 brevitatis
1903 318 2013 352 me-

227 395 341 430 mor
374 379 462 423 ἃς.
504 371 817 422 describenda
847 372 1078 438 relinquo
1110 374 1199 421 &c
1290 371 1550 437 Ampliota
1589 372 1650 423 de
1686 376 1774 426 hac
1804 379 2012 427 materia

228 454 363 505 idem
391 448 582 500 Author
605 443 808 497 inferius
835 449 1037 512 repetit,
1063 446 1268 513 process.
1293 446 1382 497 fol.
1404 460 1425 513 5
1441 456 1525 511 32.
1554 448 1600 497 &
1623 459 1746 514 terg.

270 577 360 634 Ex
382 564 769 651 Patrej'oanne
795 567 988 629 Tanner
1011 575 1060 627 in
1083 576 1194 629 vita
1220 570 1284 628 P.
1309 571 1510 629 Alberti
1532 570 1810 631 Kanomski
1832 594 1959 633 com-

724 652 886 721 pulslzt.
908 650 1200 722 proceſsufol.
1218 651 1342 713 548.
1365 663 1505 720 tergo,

374 747 505 813 Qia
535 756 700 795 tamen
736 747 910 808 reperti
945 743 1052 792 snnt
1085 743 1356 803 nonnulli,
1393 745 1480 808 qui
1505 743 1695 792 cultum
1721 743 1881 793 Sancti
1909 775 1922 797 ‚
1960 744 2011 793 &

227 824 450 886 Martyris
471 819 756 870 Venerabili
781 821 892 868 huic
917 819 1040 869 Viro
1061 819 1359 882 denegarent
1384 855 1400 879 ‚
1435 813 1637 881 ejusque
1662 818 1789 881 apud
1817 818 2009 866 DEUM

227 899 403 948 merita
428 894 726 959 despicerent
749 931 762 952 ‚
802 895 1028 956 adeoque
1054 892 1224 941 locum
1253 892 1520 956 Sepulturae
1544 893 1649 949 ejus
1674 906 1760 955 per
1784 905 2011 941 contem-

226 985 366 1037 ptum
409 969 645 1018 auderent
681 968 898 1026 calcare,
933 966 1108 1022 fiebat,
1147 980 1198 1014 ut
1223 981 1340 1014 mox
1366 967 1545 1019 Divina
1568 967 1728 1015 ineos
1754 966 1879 1014 ultio
1904 966 2011 1015 sub-

227 1047 388 1096 secuta
412 1041 710 1098 ostenderet,
734 1038 838 1103 quo
860 1037 977 1088 loco
1002 1040 1182 1101 Martyt
1209 1038 1294 1086 ille
1319 1040 1431 1088 esset
1458 1041 1507 1087 in
1533 1039 1700 1097 coelis;
1740 1040 2008 1102 deprehen-

227 1121 332 1170 sum
357 1131 600 1180 namque,
628 1116 675 1163 δε
701 1111 853 1179 vulgo
884 1113 1196 1162 observatum
1224 1111 1316 1169 est,
1342 1108 1398 1161 εδ
1425 1114 1525 1175 ipsa
1551 1110 1711 1161 adhuc
1737 1113 1817 1161 die
1845 1113 2010 1176 publi-

226 1210 339 1245 cam
363 1194 579 1256 aliquam
603 1190 832 1238 homines
854 1187 966 1237 illos
991 1188 1085 1251 pati
1115 1185 1281 1234 solitos
1305 1187 1636 1250 ignominiam
1665 1223 1678 1244 ,
1718 1187 1764 1235 &
1797 1185 2010 1252 gravissi-

227 1285 320 1319 mo
342 1269 509 1331 aliquo
532 1279 701 1313 coram
726 1263 867 1327 plebe
894 1261 1018 1310 affici
1044 1258 1069 1309 a
1093 1260 1226 1309 DEO
1248 1260 1540 1309 consuevisse
1565 1259 1779 1324 pudore,
1807 1276 1914 1324 quae
1932 1276 2009 1310 res

226 1345 279 1393 in
305 1341 442 1392 causa
468 1338 559 1388 fuit
582 1333 799 1403 primum
821 1335 1054 1401 quidem,
1091 1347 1143 1382 ut
1167 1333 1348 1398 quibus
1370 1334 1657 1398 ignominiae
1677 1371 1690 1391 ‚
1730 1346 1811 1383 aut
1837 1335 2011 1384 erube„

225 1417 414 1468 scentia:
449 1413 721 1480 periculum
761 1412 995 1460 imminet
1019 1447 1033 1469 ‚
1073 1423 1189 1459 eum
1226 1406 1310 1457 fibi
1345 1407 1512 1472 passim
1539 1444 1553 1467 ‚
1593 1404 1845 1472 hodieque
1878 1410 2009 1473 apud

225 1491 417 1543 DEUM
441 1489 709 1553 implorent
730 1497 1021 1550 patronum3
1062 1483 1242 1533 deinde
1264 1480 1410 1541 vero,
1448 1495 1500 1530 ut
1525 1483 1820 1532 authoritate
1844 1484 2009 1547 publio

227 1583 283 1617 ca
309 1567 490 1616 humus
524 1562 609 1611 illa
640 1573 744 1610 tota
772 1560 1001 1617 rudibu8‚
1025 1559 1073 1607 δε
1110 1558 1223 1606 raris
1259 1556 1560 1621 quibusdam
1593 1557 1803 1606 cratibus
1836 1557 2007 1607 ferreis

225 1644 504 1705 cingeretur
527 1637 577 1685 in
599 1634 789 1700 fignum
814 1634 1020 1698 popum,
1044 1648 1106 1682 ne
1132 1632 1316 1681 sacrum
1343 1631 1515 1681 locum
1539 1633 1724 1681 incauti
1748 1627 1889 1680 facile
1914 1633 2009 1681 cal-

227 1725 407 1766 carent.
483 1710 605 1762 Sed,
629 1711 745 1771 quia
767 1708 926 1755 adhuc
951 1707 1230 1767 petulantiae
1257 1707 1454 1764 patebat
1475 1706 1655 1765 aditus»,
1694 1706 2007 1770 superadditae

227 1790 337 1840 sunt
362 1784 715 1850 elegantiore3‚
739 1794 796 1828 ac
817 1778 1062 1828 densiores
1083 1776 1245 1824 ferreae
1265 1786 1416 1823 crates
1440 1775 1621 1828 altem,
1648 1791 1757 1838 quae
1786 1780 1848 1824 ita
1874 1795 2007 1829 nune

228 1867 400 1914 locum
426 1857 521 1909 alte
543 1856 792 1908 ambiunt,
831 1865 883 1902 ut
906 1852 1157 1902 videantur
1180 1863 1388 1899 omnem
1408 1850 1632 1912 injuriam
1655 1849 1680 1899 a
1702 1865 2007 1903 monumen-

228 1952 284 1989 to
308 1937 398 1988 illo
426 1932 529 1985 satis
551 1930 833 1997 prohibere,
858 1929 947 1978 &c.

231 2063 320 2123 Ex
344 2059 713 2119 Bartholomaeo
739 2056 1024 2128 Paproczki
1048 2057 1095 2111 in
1121 2055 1239 2113 libro
1261 2096 1277 2120 ‚
1313 2055 1394 2109 cui
1418 2049 1587 2109 titulus
1617 2071 1633 2106 .·
1677 2050 2004 2115 Diadochw,

445 2139 546 2209 five
563 2135 756 2208 fiscccſjfo
782 2145 958 2186 Ducum
983 2130 1037 2185 ὅ
1051 2141 1219 2204 ngttm
1242 2131 1468 2186 ssohemjae.
1504 2131 1692 2199 Compul
1705 2143 1774 2183 at.

904 2206 1091 2278 process.
1109 2204 1190 2275 fhss'.
1215 2221 1331 2277 544.
1849 2209 1853 2211 ’

383 2305 478 2359 Hic
511 2307 662 2357 multa
694 2303 814 2357 faeta
849 2306 955 2356 sunt
992 2304 1220 2355 miracula
1245 2336 1260 2359 ,
1299 2318 1517 2368 quorum
1553 2306 1737 2355 intuitu
1773 2319 1861 2370 pro
1896 2305 2005 2354 DEI

231 2386 441 2450 Martyre
467 2384 652 2432 habitus
675 2383 794 2436 fuit,
818 2383 862 2430 ὅ(
892 2383 1176 2444 quicunque
1201 2375 1426 2430 adversus
1452 2379 1549 2430 hoc
1573 2392 1722 2435 errat,
1747 2394 1803 2429 ac
1828 2375 2005 2430 frivole

233 2476 348 2512 cum
373 2470 667 2520 contemptu
690 2458 826 2518 snper
849 2470 1049 2506 crucem
1076 2457 1126 2503 in
1147 2454 1566 2519 lapide'exsestam
1592 2454 1888 2511 conscendit,
1914 2453 2003 2503 hac

233 2537 313 2586 die
329 2534 499 2584 mundi
520 2533 774 2581 infamiam
795 2547 896 2581 non
918 2528 1086 2589 evafit3
1127 2543 1183 2577 ex
1202 2544 1298 2594 qua
1318 2528 1452 2580 causa
1468 2529 1890 2593 jufferuntPraelati
1907 2529 2003 2578 hoc

234 2607 557 2676 Sepulchrum
582 2608 735 2659 ferrea
754 2619 882 2659 crate
905 2603 1221 2657 circumdare.
1853 2597 1944 2656 Ex
