2180 2833
557 111 690 176 Wtae
711 110 765 172 S.
775 104 1011 192 [joannis
1033 108 1369 185 Nepomucem·
1388 110 1484 170 M.
1835 118 1907 196 65

128 241 427 318 JOANNES
451 240 537 292 DE
558 240 798 291 POMUK
821 278 834 300 ,
871 237 953 289 sed
985 239 1132 289 etiam
1161 239 1279 303 quia
1305 237 1403 287 hoc
1432 237 1708 302 loquuntur
1730 254 1909 297 ornnes

125 321 373 380 Historiae,
397 319 444 367 ὅ(
469 333 551 383 per
574 328 740 365 totum
766 328 961 380 tempus
984 315 1091 364 vitae
1115 329 1237 364 meae
1258 312 1324 363 ita
1349 314 1541 368 audivi,
1573 310 1709 376 quud
1734 316 1783 363 in
1809 320 1906 372 hoc

125 396 231 461 ipso
255 395 371 444 loco
400 396 552 453 jaceat
577 391 773 455 Corpus
799 390 1104 443 Venerabilis
1129 389 1266 439 Servi
1288 389 1393 438 DEI
1415 389 1619 458 Joannis
1644 390 1906 453 Nepomu-

100 471 237 536 ⁶ceni
261 493 275 529 3
324 468 514 519 cultum
541 468 689 517 etiarn
715 466 785 516 ibi
808 464 933 524 vidi,
955 466 1002 513 ὅτ
1028 463 1221 530 signum
1245 464 1490 528 Martyrii,
1524 463 1810 523 dejectionis
1835 470 1905 519 ni.

125 546 313 594 mirum
348 544 572 594 violentae
594 543 644 590 in
668 555 847 605 aquam
870 555 927 589 ex
950 538 1217 589 foramello
1237 570 1252 595 ,
1290 540 1337 587 ὅ(
1362 537 1758 589 concuffionibus
1783 542 1906 593 dua·

124 619 214 668 bus
237 635 342 683 quae
366 621 414 669 in
437 616 550 669 Offe
574 616 814 679 Occipitis
840 613 1064 673 observ0‚
1079 629 1162 663 me
1187 615 1457 674 convincit,
1471 630 1526 666 ac
1549 615 1757 665 demum
1784 632 1905 668 con·

121 692 328 743 servatio
355 694 554 759 Linguae
578 691 703 740 mihi
729 690 863 739 tollit
884 704 1039 739 omne
1065 688 1293 738 dubium.

268 768 492 817 Medicus
514 768 686 825 tertius
706 765 958 814 Dominus
979 763 1281 814 Sebastianus
1302 764 1465 813 Fuchs.

349 841 430 891 Ad
457 840 709 906 quaefitum
737 842 952 903 primum
976 852 1030 888 ut
1055 834 1207 904 supra.

271 914 526 984 Respondit.
603 917 777 967 Vocor
800 913 1101 964 Sebastianus
1127 914 1305 969 Fuchs,
1331 914 1616 973 Medicinae,
1642 917 1690 965 &
1710 916 1909 968 Chirur„

124 993 215 1057 giae
238 992 456 1050 Dostor,
481 993 626 1041 aetatis
655 1007 774 1040 meae
799 990 1115 1053 quadraginta
1139 991 1214 1033 sex
1237 1004 1503 1037 annorum-

352 1069 431 1114 Ad
456 1066 706 1125 quaefiturn
730 1059 1000 1107 secundum
1023 1070 1077 1106 ut
1102 1056 1252 1121 supra.

270 1131 521 1202 Respondit.
564 1133 836 1197 Chirurgiae
848 1132 1039 1181 Dostor
1055 1144 1315 1195 promotus
1339 1132 1444 1183 sum
1460 1134 1632 1185 Romae
1650 1151 1784 1188 anno
1803 1141 1910 1191 mii-

126 1209 301 1262 lefimo
329 1206 680 1260 sexcentesimo
704 1205 1054 1272 nonagefim0‚
1084 1207 1337 1257 Medicinae
1361 1222 1528 1260 autem
1554 1212 1604 1260 in
1631 1212 1910 1266 universita-

128 1299 178 1336 te
217 1284 408 1335 Carolo
432 1312 452 1319 -
475 1283 804 1332 Ferdinandea
840 1280 1058 1347 Pragenfi
1095 1297 1228 1332 anno
1262 1283 1530 1333 millefimo
1563 1285 1912 1341 sexcentesimo

124 1357 451 1426 nonagesimo
475 1357 722 1416 secundm
761 1360 942 1421 praxim
968 1356 1215 1407 medicam
1238 1357 1414 1423 sequor
1435 1359 1495 1409 ab
1517 1360 1608 1410 isto
1633 1374 1874 1429 ternpore.

360 1432 442 1482 Ad
462 1432 711 1498 quaefitum
735 1435 936 1481 tertium
962 1445 1015 1481 ut
1035 1431 1182 1496 supra.

275 1505 530 1577 Respondit.
608 1509 806 1556 Exercui
834 1506 914 1556 hic
939 1505 1136 1571 publice
1161 1509 1213 1557 in
1242 1508 1568 1560 Univerfitate
1593 1511 1810 1578 Pragenfi
1840 1514 1910 1565 bi.

128 1599 240 1639 nas,
274 1585 321 1633 δ(
342 1584 502 1648 plures
527 1583 757 1648 privatas,
798 1583 844 1630 ἃ
867 1581 1066 1631 interfui
1093 1594 1320 1648 tempore
1346 1585 1618 1637 studiorum
1644 1590 1696 1638 in
1718 1589 1912 1642 diversis

129 1657 559 1714 Univerfitatibus,
584 1660 634 1708 in
659 1657 815 1722 specie
838 1658 1040 1717 Romae,
1066 1658 1270 1720 Patavii,
1294 1660 1341 1708 ὅ(
1364 1661 1470 1711 aliis
1496 1662 1732 1726 plurimis.

361 1735 440 1785 Ad
462 1733 715 1798 quaefitum
744 1746 972 1794 quartum
1000 1745 1053 1777 nt
1077 1734 1224 1790 supra.

275 1802 530 1868 Respondit.
609 1799 800 1858 Video,
824 1796 960 1863 qubd
985 1800 1180 1864 Corpus
1205 1803 1515 1854 Venerabilis
1536 1804 1670 1856 Servi
1697 1806 1805 1858 DEI
1825 1810 1909 1878 Jo.

131 1878 266 1928 annis
289 1876 639 1940 Nepomuceni
663 1872 728 1922 ita
747 1874 977 1934 jacuerit,
1004 1885 1056 1923 ut
1082 1889 1184 1924 non
1209 1875 1349 1941 possit
1365 1878 1561 1942 Corpus
1587 1885 1742 1948 magis
1767 1897 1908 1935 natu-

132 1953 297 2002 raliter
318 1946 590 2013 composite
614 1951 795 2007 jacere,
834 1952 883 1999 in
909 1948 996 1998 illo
1022 1949 1138 1999 loco
1158 1988 1171 2010 ,
1214 1951 1300 2001 ubi
1320 1967 1405 2016 per
1427 1954 1686 2005 Historiam
1714 1956 1808 2007 fide
1835 1961 1909 2009 di-

133 2041 309 2091 gnam,
350 2025 551 2081 scimuS,
585 2024 704 2073 illud
729 2038 839 2075 ante
866 2036 1145 2073 tercentum
1180 2027 1378 2090 triginta
1401 2028 1477 2077 sex
1501 2045 1654 2079 annos
1680 2031 1909 2098 religiose

134 2099 412 2164 depositum
438 2097 587 2147 fuisse.
665 2100 743 2148 Ab
770 2101 912 2147 omni
937 2099 1097 2147 Carne
1122 2101 1326 2162 quidem
1358 2102 1448 2151 effe
1474 2105 1706 2154 orbatum
1731 2144 1742 2165 ‚
1782 2110 1908 2158 inte.

135 2170 347 2240 gerrime
370 2187 537 2222 tamen
561 2171 624 2221 ita
647 2173 738 2222 effe
763 2173 1077 2226 coniunCtum
1094 2212 1106 2231 ,
1131 2187 1185 2222 ut
1209 2176 1342 2226 nulla
1366 2192 1464 2226 arte
1490 2181 1639 2229 etiam
1667 2186 1910 2233 anatomi-

136 2255 219 2309 ci,
245 2250 310 2298 ita
346 2247 623 2297 naturaliter
658 2250 890 2313 conjungi
914 2246 1025 2298 Offa
1059 2250 1273 2298 invicem
1309 2253 1583 2312 potuissent.
1659 2258 1711 2305 In
1749 2257 1910 2308 sterno

135 2338 304 2372 autem
340 2336 572 2385 tanquam
597 2323 672 2372 Os
691 2323 929 2372 Thoracis
965 2322 989 2370 ὲ
1021 2324 1239 2386 pondere
1266 2327 1424 2376 Terrae
1458 2331 1786 2393 compreffum
1826 2334 1910 2382 de.

138 2398 483 2462 prehenditur,
510 2399 571 2445 ita
605 2392 656 2446 ut
687 2397 712 2445 ὲ
735 2397 894 2447 Costis
930 2397 1052 2446 illud
1090 2400 1246 2462 ipsum
1283 2402 1356 2450 Os
1394 2402 1606 2453 Remum
1645 2406 1909 2459 necessari&

136 2472 434 2530 disjunctum
463 2471 528 2519 fit.
587 2471 663 2521 De
687 2485 861 2521 caetero
883 2471 1040 2522 Costae
1063 2473 1170 2522 sunt
1193 2489 1368 2524 omnes
1391 2475 1494 2527 fere
1514 2481 1709 2544 integra:
1734 2485 1781 2530 in
1809 2498 1908 2545 par.

139 2560 187 2596 te
208 2547 385 2611 postica
410 2546 642 2596 vertebris
667 2546 808 2598 Dorfi
834 2545 1128 2606 firmissime,
1152 2550 1197 2597 ὅ(
1221 2553 1500 2602 naturaliter
1521 2569 1759 2604 connexae.
1807 2557 1904 2606 Ad.

139 2623 405 2673 miratione
428 2634 596 2671 autern
622 2621 829 2688 dignum
851 2622 915 2673 est
937 2653 952 2680 ‚
993 2623 1128 2687 quod
1154 2623 1309 2675 Costae
1342 2626 1504 2679 finistri
1537 2629 1697 2680 lateris
1731 2647 1907 2696 prope-

237 2721 240 2723 >
1145 2700 1166 2748 I
1625 2707 1837 2756 modum
