2180 2833
302 101 371 164 18
794 96 913 155 Vita
946 94 995 154 S.
1005 89 1240 176 joannis
1265 96 1607 174 Nepomuceni

299 237 391 287 pro
412 233 547 271 :etate
574 220 653 270 iila
680 235 783 269 non
810 219 953 285 piane
977 221 1248 272 invenusto.
1328 223 1576 288 Georgius
1596 221 1886 275 Bartholdus
1909 225 2086 278 Ponta-

300 313 418 355 ηυξ»,
455 295 845 360 Metropolitanae
871 296 1113 361 Pragenfis
1138 296 1350 347 Ecclesiae
1374 297 1648 362 Praepofitus
1666 337 1679 359 ,
1717 300 1962 368 Joannem
1989 303 2087 352 Ne-

299 387 641 438 pomucenum
676 371 882 421 Beatum
922 374 1188 436 Martyrem
1224 374 1447 438 appellat.
1530 373 1770 423 Eamdem
1802 376 2088 440 appellatio-

305 462 421 497 nem
449 449 673 495 tribuunt
699 449 847 496 ceteri
873 447 1179 511 superiorum
1204 460 1431 504 aetatum,
1467 459 1615 512 atque
1641 450 1790 499 etiam
1826 450 1971 510 hujus
2000 467 2089 502 no-

305 521 401 571 strat
441 522 733 588 scriptorem,
716 538 729 551 ·
777 534 830 570 ut
869 522 1162 572 venerabilis
1191 524 1325 573 Pater
1351 522 1585 573 Albertus
1611 524 1928 590 Chanowsky
1951 563 1965 584 ,
2015 529 2090 576 vir

306 595 617 660 Apostolicus
655 594 891 662 (qualem
916 599 1027 649 Vita
1066 599 1168 655 ejus
1202 614 1356 663 nuper
1388 599 1450 649 ab
1487 597 1785 649 amicissimo
1817 602 1925 650 viro
1950 601 2009 650 R.
2039 602 2088 651 P.

305 671 496 740 Joanne
516 673 715 720 Tanner
740 672 867 723 edita
892 672 1000 722 saris
1022 672 1261 739 ostendit)
1303 688 1413 725 tum
1436 674 1685 740 Georgius
1696 676 1839 725 Fetus
1863 675 2090 739 ejusdem

304 746 587 806 Societatis,
626 741 887 811 piure'sque
911 748 1010 798 alii.

493 832 580 871 20
631 822 826 872 Pridem
857 838 1165 873 narraveram
1195 823 1240 874 S.
1266 823 1512 893 Joannem
1538 825 1823 890 Nepomuci
1856 825 1908 875 in
1931 825 2089 875 Bohe·

306 896 407 948 mia
431 910 598 947 ortum
625 895 731 946 effe.
810 898 872 946 Ex
896 914 953 947 ea
977 899 1123 964 igitur
1147 899 1337 958 dom0,
1361 901 1410 949 in
1429 915 1525 964 qua
1538 901 1756 969 Joannes
1780 897 1998 965 primum
2021 901 2093 949 vi-

305 985 363 1021 tae
391 973 555 1022 lucem
579 971 754 1034 aspexit
773 1002 788 1025 ,
823 972 1188 1037 oppidanorum
1212 974 1367 1038 pietas
1393 975 1625 1025 sacellum
1646 976 1911 1044 S.Joannis
1934 976 2090 1025 hono·

306 1049 347 1096 ri
373 1046 528 1095 statim
558 1046 619 1096 ab
645 1048 750 1108 ejus
774 1059 938 1097 morte
963 1048 1187 1098 exstruxit
1213 1070 1224 1098 :
1266 1045 1562 1113 traduntque
1587 1062 1774 1101 veteres
1806 1051 2091 1109 memoriae,

306 1123 566 1170 neminem
593 1122 648 1169 -in
682 1137 738 1171 ea
768 1123 928 1172 domo
952 1124 1245 1173 noant-nam
1270 1125 1493 1186 quictem
1520 1139 1695 1189 capere
1720 1124 1951 1190 potuisse,
1980 1139 2093 1175 orn-

305 1191 494 1260 ne‘sque
518 1195 774 1245 insomniis
796 1196 1027 1261 fatigatos
1056 1198 1244 1260 semper
1265 1199 1465 1248 coactos
1486 1199 1745 1249 abscedere
1766 1232 1781 1255 ‚
1834 1200 2000 1249 donec
2035 1213 2093 1249 ea

306 1273 361 1321 in
386 1272 658 1321 Sacrarium
685 1270 814 1319 versa
838 1270 1010 1318 fuisset.
1089 1272 1266 1318 Nostra
1286 1281 1424 1320 aetate
1445 1272 1789 1316 Illum-issimus
1813 1274 1936 1322 Baro
1958 1274 2095 1324 Fran.

307 1346 458 1395 ciscus
477 1345 538 1393 de
560 1346 844 1410 Sternberg,
876 1344 1162 1408 Nepomuci
1189 1342 1469 1400 DominUS‚
1505 1342 1566 1390 R.
1579 1341 1632 1390 Ρ.
1646 1342 1869 1407 Georgio
1881 1344 2000 1393 Fero
2021 1346 2093 1395 in-

306 1422 515 1477 citante,
552 1419 786 1469 sacellum
810 1420 933 1476 hoc,
973 1416 1209 1468 vetustate
1231 1417 1469 1480 paulatim
1503 1417 1797 1475 concidens,
1833 1429 1997 1467 totum
2025 1420 2095 1468 di-

307 1497 382 1545 rui
406 1492 553 1554 juffit:
593 1508 885 1556 novamque
906 1494 954 1541 ὅ(
984 1491 1258 1543 formosam
1278 1489 1529 1542 ecclesiam
1555 1491 1601 1540 S.
1612 1492 1814 1560 Joannis
1835 1493 2095 1556 Nepomu-

306 1569 460 1621 censis
485 1570 664 1618 honori
687 1570 881 1634 magnis
900 1567 1171 1632 sumptibus
1193 1565 1431 1616 exstruxit.
1506 1566 1735 1616 Benedici
1757 1566 2011 1617 ecclesiam
2035 1567 2098 1616 il·

309 1645 412 1695 lam
436 1643 653 1694 Ernestus
680 1643 1085 1707 Archiepiscopus
1108 1639 1350 1707 pragensis
1371 1642 1419 1690 ὃς
1441 1640 1716 1691 Cardinalis
1747 1656 1832 1706 per
1863 1641 1986 1691 alios
2009 1655 2097 1697 vo-

309 1720 435 1773 luit,
470 1733 588 1768 cum
624 1718 833 1781 ipsemet
860 1732 946 1783 per
980 1717 1370 1766 invaletudinem
1403 1715 1558 1765 adesse
1591 1719 1641 1764 &
1674 1717 1956 1766 consecrare
1987 1729 2095 1766 non

310 1795 482 1860 poflet.
554 1795 608 1842 In
634 1793 827 1842 summa
848 1793 966 1842 novi
994 1791 1201 1850 hujusce
1225 1791 1400 1855 templi
1426 1805 1505 1840 ara
1529 1790 1574 1839 S.
1595 1791 1799 1859 Joannis
1822 1793 1994 1856 imago
2017 1805 2092 1840 ra-

310 1870 440 1920 diata
453 1870 778 1932 conspicitur,
808 1880 954 1932 atque
979 1867 1032 1925 in
1047 1867 1361 1917 veneratione
1384 1864 1602 1916 habetur.
1677 1866 1762 1914 Per
1785 1864 1911 1915 hanc
1926 1877 2098 1915 recens

313 1944 529 1994 exstruffl
544 1945 721 2006 templi
743 1943 933 1993 causam
958 1942 1092 1992 idem
1105 1943 1166 1991 R.
1177 1942 1225 1991 Ρ.
1236 1941 1451 2006 Gorgius
1464 1941 1610 1990 Ferus
1622 1940 1771 1989 Anno
1785 1940 2092 1991 MDQXLI.

314 2019 542 2068 libellum
571 2017 752 2077 edidit,
790 2023 943 2082 quem
968 2018 1169 2085 Famam
1194 2015 1510 2081 posthumam
1536 2015 1583 2064 S.
1608 2015 1812 2084 Joannis
1833 2016 2096 2081 Nepomu-

315 2096 424 2144 ceni
451 2092 698 2155 inscripsit:
738 2095 788 2142 in
812 2107 918 2157 quo
940 2091 1148 2142 venustis
1168 2091 1496 2156 imaginibus,
1518 2089 1719 2139 summo
1742 2090 1926 2152 pietore
1939 2089 2095 2140 Caro·

317 2170 372 2219 10
394 2171 555 2219 Sere-ta
584 2169 809 2218 ssohemo
838 2182 1042 2233 operam
1077 2166 1439 2217 commodante
1462 2202 1478 2224 ‚
1522 2166 1678 2216 vitam
1713 2165 1760 2213 δε
1793 2176 2012 2215 mortem
2044 2164 2093 2214 S.

319 2245 525 2313 Joannis
548 2241 836 2295 brevissimis
859 2244 1014 2292 titulis
1033 2243 1215 2308 triplici
1238 2240 1475 2292 idiomate
1497 2240 1706 2298 Latium
1737 2240 2014 2295 Bohemico
2046 2239 2098 2289 ὅ(

317 2319 619 2368 Germanico
642 2317 1039 2383 comprehendit.
1114 2318 1291 2368 Aditur
1303 2316 1561 2386 S.Joannis
1582 2313 1782 2366 ecclesia
1806 2315 1973 2364 multis
1992 2313 2100 2379 sup-

319 2393 693 2458 plicationibus:
731 2394 925 2457 parochi
948 2392 975 2442 a
995 2392 1164 2444 multis
1184 2391 1398 2457 paffuum
1422 2391 1648 2442 millibus
1666 2389 1727 2440 ad
1748 2402 1935 2440 certam
1958 2389 2098 2440 diem

320 2467 384 2517 ab
408 2470 640 2533 operibus
666 2483 897 2525 vacuam,
936 2468 1214 2519 Dominicis
1233 2470 1362 2518 inter
1389 2465 1558 2517 Pascha
1580 2463 1983 2521 &Pentecosten‚
2009 2478 2099 2529 po-

318 2542 497 2609 pulum
518 2543 789 2597 adducunt:
825 2538 976 2610 idq'ue
998 2545 1159 2612 agitur
1179 2542 1210 2596 ὲ
1231 2555 1458 2611 tempore
1479 2540 1886 2595 immemorabili.
1955 2538 2100 2663 {acra

1995 2627 2025 2664 e
