2180 2833
244 129 338 200 '40
674 156 677 163 ·
953 116 1343 190 Supplementum‘

257 251 350 299 tim
373 242 698 311 Augustarum
731 237 1038 291 Maiestatum
1077 243 1225 306 pietas
1257 240 1539 298 sociaretur,
1564 237 1794 292 effestum
1831 243 2036 297 tandem

258 323 351 380 est,
377 334 429 370 ut
453 322 609 382 Pragae
634 316 870 375 solemni,
894 317 939 364 ὅ(
963 317 1023 366 ad
1044 317 1260 366 Romani
1284 317 1459 381 rigoris
1482 315 1706 366 amussim
1731 320 1901 369 exacto
1926 335 2035 384 pro-

255 398 396 449 ceffui
423 393 834 443 Canonizationis
859 392 1058 440 initium
1085 392 1276 440 daretur
1307 393 1365 439 ab
1395 389 1607 454 ipsomet
1633 392 1906 442 Celfiffimo
1933 396 2037 443 Me-

256 471 517 535 tropolita,
554 469 643 531 qui
666 483 782 515 cum
804 465 942 530 super
966 467 1194 530 gravibus
1219 465 1432 514 Ecclesiae
1457 465 1544 513 suae
1568 465 1714 514 caufis
1736 482 1851 515 cum
1878 468 2036 518 Reve-

252 541 537 598 rendiffimo
560 542 621 592 ad
644 542 809 591 aulam
835 539 1102 591 Caesaream
1128 542 1340 590 Oratore
1364 537 1624 589 Pontificio
1650 540 2038 606 Georgio‚nunc

254 621 419 672 sanetae
456 619 693 666 Romanae
729 615 942 665 Ecclefioe
971 615 1222 664 Cardinali
1258 614 1459 680 Spinola
1493 614 1763 663 collaturus
1786 617 2038 668 Viennam

253 699 344 747 iter
370 692 658 757 suscepisset,
693 706 780 755 pro
807 691 851 739 se
879 689 922 738 se
949 691 1035 738 hac
1058 693 1108 738 in
1134 688 1269 739 causa
1291 687 1541 738 constituit
1564 689 1762 757 Judices
1783 691 2037 756 delegatos

251 766 729 821 Reverendisfimum
747 766 792 811 δε
808 762 1173 813 Illustriffimum
1190 765 1470 813 Dominum
1486 763 1746 812 Danielem
1760 764 2035 833 Josephum

254 847 314 896 de
341 846 543 908 Magern
567 839 919 905 Ep.‘['yberiad.
946 837 1316 903 Suffraganeum
1334 876 1350 899 ‚
1386 839 1494 888 Vic.
1520 837 1645 886 Gen.
1670 852 1726 886 ac
1749 837 2033 888 Officialem

252 918 397 970 suum
420 933 534 966 cum
561 918 693 965 Patre
719 914 1057 963 Maximiliano
1080 912 1417 962 'W'ietrowski
1444 912 1488 960 S.
1515 909 1551 974 J.
1584 912 1627 960 S.
1643 912 1689 961 S.
1716 912 1816 961 Th.
1841 913 2034 962 Doclo-
2099 928 2112 942 0

252 1011 304 1044 re
323 1033 339 1055 ,
375 995 421 1040 ὅ(
446 993 504 1040 D.
532 989 775 1039 Francisco
796 990 1018 1036 Antonio
1042 988 1234 1050 Langer
1256 988 1298 1053 J.
1325 989 1388 1036 V.
1415 986 1633 1035 Do&ore
1657 1023 1669 1044 ,
1708 986 2032 1036 Procuratore

252 1068 399 1119 causae
425 1067 484 1114 D.
514 1064 754 1114 Reman-rio
781 1063 997 1109 Henrico
1022 1061 1046 1107 a
1072 1060 1345 1108 Germeren
1368 1060 1409 1126 J.
1436 1061 1498 1110 V.
1528 1060 1748 1109 Doctore
1771 1098 1785 1118 ‚
1823 1062 2032 1109 Promo-

253 1157 360 1193 tore
386 1153 553 1191 autem
581 1138 659 1187 seu
688 1137 873 1193 fiscali,
899 1136 958 1183 D.
982 1136 1173 1203 Joanne
1196 1130 1447 1183 Francisco
1468 1132 1681 1182 Blowski
1696 1135 1742 1202 J
1758 1136 1820 1185 V.
1841 1135 2032 1184 Docto-

250 1234 322 1269 re.
399 1217 491 1269 Hi,
519 1215 600 1262 ubi
626 1211 896 1276 processum
923 1210 1295 1258 informativum
1320 1208 1461 1270 super
1486 1205 1617 1256 fama
1641 1208 1914 1268 sanititatiS,
1936 1211 2031 1259 vir·
2101 1221 2108 1225 '

251 1305 413 1342 tutum
432 1326 444 1347 ,
471 1288 715 1351 Martyrii,
747 1287 793 1333 ὅ(
819 1284 1170 1333 miraculorum
1197 1282 1240 1331 S.
1265 1282 1466 1350 Joannis
1490 1282 1843 1345 Nepomuceni
1867 1282 2032 1332 secun-

251 1363 373 1416 dum
395 1362 788 1414 constitutiones
812 1360 1000 1407 Urbani
1022 1359 1184 1415 V111.‚
1211 1357 1483 1405 Innocentii
1505 1356 1584 1405 XI.
1602 1392 1615 1414 ‚
1656 1354 1871 1420 aliasque
1897 1356 2032 1406 sacrae

250 1444 436 1491 rituum
455 1435 880 1500 congregationis,
907 1435 953 1480 &
979 1432 1257 1481 submissam
1284 1427 1450 1480 recens
1475 1431 1639 1479 Roma
1662 1429 1691 1479 a
1713 1431 2033 1480 Reverendis-

249 1516 375 1565 fimo
401 1514 694 1561 promotore
718 1509 879 1566 Fidei,
917 1508 1215 1572 peculiarem
1241 1504 1609 1554 instrueiionem
1631 1537 1644 1560 ‚
1684 1505 1743 1553 ad
1771 1503 1923 1554 finem
1947 1506 2031 1555 cle-

250 1591 444 1642 duxere,
466 1587 513 1636 id
539 1585 692 1649 ipsum
720 1584 777 1633 ad
803 1583 983 1632 dieram
1011 1582 1256 1631 tactorum
1282 1584 1464 1629 rituum
1493 1581 1934 1644 congregationem
1957 1594 2033 1629 re-

248 1661 400 1714 tulere
427 1673 471 1726 3.
499 1660 708 1729 Januarij
735 1654 866 1707 anno
899 1673 1063 1715 1719,
1096 1655 1234 1720 quod
1265 1655 1312 1703 &
1347 1667 1431 1716 29.
1457 1655 1681 1715 ejusdem
1716 1653 1892 1704 mensis
1921 1669 2032 1719 prae-

250 1739 364 1788 stitit
392 1752 449 1786 ex
483 1748 690 1784 munere
720 1731 809 1779 suo
831 1728 1127 1778 Celfiffimus
1154 1729 1562 1789 ArchiEpiscopus
1590 1729 1718 1789 ²(qui
1743 1730 1790 1776 &
1818 1730 2032 1777 alterum
2109 1789 2112 1791 ι

249 1809 520 1877 processum
547 1807 681 1871 super
707 1806 841 1854 cultu
862 1800 1215 1852 immemoriali
1240 1799 1422 1848 codem
1450 1799 1738 1848 submiserat
1764 1815 1839 1848 an.
1873 1813 2033 1860 1720.

248 1888 330 1937 die
359 1899 406 1947 9.
432 1884 555 1947 apr.)
595 1882 686 1930 suis
709 1881 755 1927 ὅ(
781 1876 990 1927 Ecclcfiae
1017 1915 1030 1935 ‚
1070 1891 1124 1925 ac
1147 1876 1308 1939 Regni
1337 1876 1492 1923 totius
1516 1873 1769 1922 Bohemiae
1795 1877 1921 1924 votis
1961 1878 2037 1924 in.

248 1955 528 2012 stantissime
555 1956 749 2019 supplex
771 1954 922 2002 faCffls
939 1983 952 2006 ‚
991 1964 1041 1999 ut
1067 1949 1487 2000 introduffionem
1513 1948 1731 2008 ejusdem
1755 1947 1901 1997 causae
1920 1981 1935 2005 ‚
1974 1949 2032 1999 il.

247 2032 439 2099 litisque
479 2030 874 2097 proiccutionem
909 2027 1167 2075 admittere
1207 2024 1381 2072 eadem
1420 2024 1544 2073 sacra
1570 2023 1940 2089 Congregatio,
1978 2025 2029 2073 δε

249 2112 472 2162 summus
499 2105 721 2155 Pontifex
745 2104 983 2151 Clemens
1005 2101 1082 2148 XI.
1108 2100 1347 2164 dignetur.

389 2181 510 2248 Qo
543 2175 810 2244 plurimum
843 2176 1050 2226 contulit
1079 2177 1260 2232 juratus
1286 2173 1494 2221 Portitor
1518 2174 1738 2222 Romam
1775 2171 2027 2223 submissus

248 2254 693 2309 Reverendiffimus
718 2254 778 2301 D.
806 2254 1020 2320 Joannes
1049 2250 1328 2298 Ludovicus
1351 2247 1376 2295 a
1400 2247 1570 2312 Steger
1593 2248 1811 2311 Capituli
1840 2249 2028 2297 Metro:-

248 2333 451 2399 politani
483 2330 698 2379 Praelatus
734 2326 1193 2376 Archi-DiaconuS.
1278 2323 1355 2372 De
1390 2323 1570 2386 quibus
1609 2323 1848 2371 omnibus
1884 2318 2027 2386 plene

249 2408 454 2458 edodms
478 2405 713 2453 Summus
735 2402 957 2450 Pontifex
973 2438 985 2458 ,
1023 2399 1124 2463 Ipse
1148 2398 1327 2462 privata
1350 2399 1526 2462 pietate
1552 2398 1736 2447 Divum
1763 2398 2025 2461 Nepomu-

249 2496 430 2533 cenum
456 2478 787 2543 peculiariter,
814 2478 859 2523 ὅ(
886 2475 1004 2523 stato
1028 2489 1228 2538 precum
1257 2471 1405 2537 penso
1429 2471 1586 2520 indies
1611 2473 1824 2521 venerari
1852 2471 2026 2520 solitus

253 2555 420 2622 (quod
443 2570 500 2604 ex
523 2568 610 2604 ore
633 2549 919 2603 Sanfflssimi
942 2547 1169 2615 accepiss'e
1195 2585 1210 2610 ‚
1248 2546 1481 2598 reducem
1503 2543 1667 2598 Roma
1696 2562 1755 2597 ex
1778 2545 1942 2669 {liugn}
1965 2546 2024 2595 Il·

1802 2635 1832 2669 u
1873 2636 1909 2669 n
1931 2651 1951 2662 -
