2180 2833
240 92 315 151 26
725 88 851 153 Wta
880 92 932 151 S.
943 85 1179 172 joannis
1201 93 1543 168 Nepomzlceni

243 209 428 280 quique
448 230 510 266 ne
534 215 790 265 admissum
815 217 966 266 scelus
989 215 1235 268 factumve
1259 231 1461 268 emanet
1483 221 1533 269 in
1559 220 1836 284 publicum,
1875 224 2022 285 perti-

245 291 495 341 mescunt:
530 293 750 340 occurrit
774 293 909 341 enim
936 293 1221 341 mirabiliter
1244 294 1468 357 periculis
1490 332 1503 352 ,
1543 297 1589 344 ἃ
1615 297 1797 346 fastum
1823 299 2024 348 abscon-

246 366 332 415 dit.
411 366 638 427 Exempla
663 368 714 414 in
739 380 850 415 eam
874 382 981 415 rem
1007 367 1198 431 publica
1224 369 1336 417 dare
1364 384 1454 418 nec
1476 370 1690 433 possum,
1712 387 1805 421 nec
1828 374 2023 425 audeo:

247 440 364 504 quia
387 452 440 488 ut
462 439 650 490 silerem
666 477 680 496 ‚
713 454 864 504 atque
890 442 1042 491 etiam
1062 442 1300 492 nescirem
1318 481 1332 504 ,
1360 443 1459 507 ipse
1483 445 2020 514 SanffiusJoanneS,qui

245 516 391 570 texit,
420 512 610 563 effecit:
653 514 731 563 sed
758 531 832 565 res
854 515 919 565 est
941 518 1068 565 inter
1090 532 1269 567 omnes
1291 517 1592 568 contestata:
1636 517 1889 584 solentque
1915 537 2027 577 eos,

246 590 330 652 qui
354 586 544 643 afflicti,
572 604 676 652 quo
697 589 742 638 se
769 603 956 640 vertant
976 591 1221 649 nesciunt,
1259 593 1319 640 ad
1333 593 1491 642 Sanffl
1515 593 1786 652 sepulcrum
1813 599 2026 652 mittete,

247 675 302 711 ut
325 664 531 712 timores
554 662 666 712 suos
685 679 927 727 exponant
951 666 997 713 ὅ(
1021 667 1395 716 commendent.
1473 668 1627 727 Hujus
1653 667 1857 718 festinati
1878 671 1921 717 ὅ(
1946 682 2023 719 to-

242 739 333 785 ties
356 738 590 803 perspesti*
611 740 771 788 auxilii
791 752 1109 806 argumentO,
1128 741 1255 790 edita
1279 743 1398 805 tvpis
1421 742 1608 805 pridem
1631 746 1793 792 oratio
1807 743 1896 799 est,
1917 759 2023 808 quae

246 807 336 862 sub
354 812 398 862 S.
412 807 620 880 Joannis
643 812 806 879 effigie
830 815 1005 880 legitur
1029 815 1162 865 hisce
1187 817 1348 865 verbis
1366 829 1630 881 concepta:
1661 819 1820 866 Praessa
1844 818 2025 882 quaesu-

246 900 387 941 mus,
411 889 731 951 omnipotens
754 889 907 945 Deus,
941 890 1167 952 precibus
1190 890 1382 943 nostris,
1403 907 1522 954 quas
1545 892 1592 938 in
1605 893 1649 940 S.
1665 893 1870 960 Joannis
1890 893 2027 941 Con-

246 959 430 1010 fessotis
451 966 769 1013 veneratione
791 964 1088 1019 deferimus,
1111 966 1248 1029 pium
1277 965 1519 1029 benignus
1552 967 1805 1025 auditum3
1845 979 1898 1016 ut
1922 969 2027 1024 ejus

246 1036 436 1084 meritis
457 1038 504 1084 &
526 1037 867 1088 intercessione
888 1037 1097 1099 suffulti,
1137 1039 1198 1088 ab
1223 1040 1423 1088 infamia
1448 1041 1493 1087 δε
1518 1040 1804 1089 confusione
1833 1054 2028 1104 ternpo-

246 1109 335 1157 rali
368 1109 587 1167 liberati,
617 1125 728 1160 ante
759 1127 978 1163 mortem
1005 1125 1161 1162 reatus
1184 1113 1374 1162 nostros
1397 1113 1571 1163 sincera
1591 1112 1911 1165 Confesfione
1946 1131 2029 1165 ex-

242 1184 401 1247 piare,
420 1183 606 1232 salutati
632 1184 922 1247 poenitentia
944 1189 1131 1237 delere,
1170 1190 1215 1235 ὅ(
1231 1202 1429 1245 portum
1454 1202 1636 1237 aeternae
1661 1189 1820 1239 salutis
1839 1193 2030 1239 contin.

247 1273 363 1322 gere
388 1257 597 1307 feliciter
620 1259 883 1308 valeamus.
959 1259 1047 1306 Per
1074 1257 1132 1305 D.
1150 1257 1213 1304 N.
1229 1256 1393 1324 Jesurn
1417 1263 1662 1304 Christum
1687 1263 1849 1312 filium
1870 1276 2032 1313 tuum.

246 1333 309 1381 Iis
332 1348 536 1396 quoque
565 1332 659 1381 fert
681 1347 832 1396 opem
859 1334 902 1381 S.
929 1333 1145 1399 Joannes
1170 1368 1181 1386 ‚
1206 1334 1288 1393 qui
1312 1331 1489 1378 exitiali
1513 1329 1802 1378 verecundia
1824 1340 2032 1384 crimina

247 1405 329 1455 sua
351 1408 401 1455 in
426 1406 557 1456 sacro
580 1406 808 1456 tribunali
830 1409 1013 1472 aperire
1031 1405 1382 1455 reformidant:
1425 1419 1539 1454 nam
1565 1404 1626 1452 ad
1651 1406 1753 1461 ejus
1779 1407 2031 1456 tumulum

247 1480 596 1545 supplicanteS,
622 1482 878 1531 audaciam
907 1481 1179 1545 quamdam
1207 1481 1264 1530 ad
1295 1478 1586 1545 proferenda
1607 1482 1781 1528 omnia
1808 1482 1917 1529 addi
1943 1480 2031 1531 fibi

248 1555 496 1606 senserunt
518 1595 532 1616 ‚
577 1551 726 1620 idque
762 1553 922 1621 aperte
947 1556 1287 1605 Sacerdotibus
1327 1556 1434 1604 sunt
1467 1552 1634 1603 testati.
1709 1556 2032 1606 Anathemata

249 1630 311 1679 ad
335 1632 381 1680 S.
404 1633 608 1700 Joannis
631 1633 882 1679 tumulum
907 1633 1113 1695 plurima
1137 1629 1262 1678 olim
1293 1629 1566 1693 pependisse
1595 1631 1928 1679 meminerunt
1961 1631 2033 1680 se-

252 1719 340 1754 nes
366 1726 377 1754 ς
430 1705 612 1755 haerefis
637 1705 925 1755 Calviniana
959 1719 1092 1753 anno
1115 1707 1180 1752 M.
1197 1705 1440 1753 DC.X1X.
1466 1704 1696 1751 laceravit
1720 1707 1919 1761 omnia,
1950 1716 2034 1752 aut

251 1778 467 1828 flammis
491 1782 723 1844 corrupit.
799 1779 976 1829 Nostra
1011 1782 1257 1827 memoria
1287 1793 1469 1827 matres
1502 1777 1722 1839 aliquot,
1753 1780 1811 1825 ad
1838 1791 2035 1841 partum

252 1851 527 1919 gravissime
547 1855 847 1913 laborantes3
883 1853 962 1903 alii
987 1854 1229 1917 hydrope,
1259 1853 1342 1901 alii
1366 1852 1583 1901 febribus
1605 1852 1841 1899 diuturnis
1866 1851 2038 1901 crude-

256 1926 432 1978 lissime
454 1932 639 1985 vexati,
669 1927 780 1978 fufis
801 1929 861 1978 ad
883 1930 928 1978 S.
943 1930 1188 1998 Joannem
1215 1928 1461 1990 precibuS,
1493 1922 1813 1982 convaluere,
1844 1938 1897 1974 ut
1919 1941 2036 1976 ana·

256 2003 476 2054 themata
499 2005 736 2055 hodierna
756 2004 998 2053 testantur.
1074 2003 1387 2070 Qibusdam
1413 2001 1508 2065 ipsa
1531 1999 1651 2048 fides
1673 2002 1719 2047 ὅ(
1745 2002 1794 2048 in
1820 2000 1860 2049 S.
1884 2002 2034 2069 Joan.

254 2091 373 2127 nem
398 2094 541 2129 amor
562 2095 721 2143 opem·
737 2079 940 2128 attuliffe
967 2077 1181 2128 videtur:
1219 2093 1332 2126 nam
1359 2075 1474 2125 cum
1496 2076 1589 2124 alia
1611 2075 1851 2132 deeffent,
1872 2075 2039 2139 pulve-

256 2165 391 2211 tem,
416 2168 473 2201 ex
497 2156 598 2210 ejus
619 2154 774 2219 lapide
798 2154 1047 2220 sepulcrali
1073 2148 1271 2203 modice
1286 2152 1544 2213 abrasum,
1566 2150 1627 2200 ad
1652 2152 1810 2201 varios
1830 2149 2037 2200 morbos

259 2226 453 2277 valuiffe
480 2227 737 2279 senserunt.

451 2320 534 2366 29.
576 2306 801 2354 Matrona
822 2302 1015 2354 illustris
1053 2307 1233 2368 (quam
1258 2302 1516 2351 nominare
1540 2299 1662 2350 nibil
1684 2300 1880 2362 attinet)
1917 2294 2036 2348 cum

264 2374 538 2438 aliquando
566 2379 625 2428 de
662 2379 844 2443 Sanetip
883 2382 930 2428 in
954 2379 1331 2443 Metropolitana
1358 2375 1558 2425 Ecclesia
1594 2376 1807 2424 conditis
1843 2375 2040 2421 mentio

265 2447 430 2507 fieret,
461 2454 506 2501 ὅ(
533 2453 700 2504 nescio
724 2448 830 2518 qussae
854 2469 911 2503 ex
935 2454 1210 2504 domesticis
1246 2451 1418 2517 puellis
1441 2451 1484 2500 S.
1509 2452 1756 2520 Joannem
1780 2449 2042 2512 Nepomu·

265 2538 448 2579 cenum
469 2529 595 2582 inter
618 2545 707 2582 eos
731 2529 1019 2583 numerasset
1042 2553 1056 2591 5
1103 2529 1189 2581 illa
1210 2526 1468 2594 supercilio
1493 2525 1685 2578 sublato
1706 2556 1722 2583 ‚
1760 2526 1930 2590 Qem
1956 2534 2038 2577 tu,

1777 2599 1969 2662 inquit,
