2180 2833
225 92 303 156 34
924 76 1314 154 Supplementum

226 203 393 255 sedem
411 200 741 268 Episcopalem
757 239 772 261 ,
794 214 945 265 quarn
970 202 1180 254 Paffavio
1206 203 1461 254 transferre
1488 203 1783 271 Rudolphus
1808 207 2010 260 medita-

229 292 305 330 tus
332 290 431 328 erat
454 316 467 336 ,
508 278 714 328 Viennae
736 288 968 326 erexerat.
1044 278 1137 327 Sed
1167 291 1279 328 toto
1305 280 1540 329 vicennio
1566 281 1806 340 Fridergco
1835 283 2013 333 duran·

229 355 349 404 dum
387 352 477 402 fuit
502 383 516 406 ,
564 348 669 414 quo
704 351 911 416 publicis
948 353 1162 403 cultibus
1199 353 1516 417 Leopoldum
1555 355 1765 420 infigniri
1806 359 2010 408 videret.

230 430 383 480 Anno
412 434 565 486 1465.
592 427 891 489 Imperator,
913 426 1079 476 Praesul
1105 427 1418 484 Pataviensis,
1441 430 1739 481 Universitas
1756 434 2014 483 Viennen-

229 502 315 556 fis,
343 503 389 549 ὅ(
409 499 662 549 Coenobia
679 499 878 549 Austriae
896 504 1067 552 omnia
1083 497 1414 568 ,supplicibus
1429 535 1442 559 ‚
1468 503 1606 569 super
1629 506 1890 570 Leopoldo
1914 507 2015 556 san-

230 578 319 627 &is
341 574 623 639 adlegendo
647 605 662 629 ,
698 571 850 625 literis
870 576 1073 626 Paulum
1102 576 1373 627 secundum
1400 579 1448 628 P.
1474 580 1542 628 M.
1565 575 1840 629 convenere
1868 619 1881 639 ,
1921 582 2012 646 qui

226 666 337 701 rem
361 651 506 698 ternis
527 649 871 703 Cardinalibus
895 650 1151 701 Bessarioni
1167 690 1179 709 ‚
1205 653 1368 702 Alano
1383 684 1395 706 ,
1419 653 1467 701 ὃ(
1490 654 1650 704 Sanfti
1674 655 1937 712 Eustachii,
1960 655 2011 705 hi

226 720 378 791 porro
402 723 640 789 Episcopis
663 724 950 783 Patavienfi‚
988 727 1225 776 Gurcensi
1241 765 1259 790 ‚
1298 729 1346 776 &
1370 728 1631 786 Petinenfi,
1668 745 1723 779 ac
1744 730 2012 780 Scotorum

226 802 437 852 Viennae
458 836 471 857 ‚
507 800 553 847 δε
577 801 630 848 in
654 799 810 849 Cellis
832 801 1110 850 Abbatibus
1133 796 1446 852 commisere.
1523 804 1676 870 Qod
1702 820 1817 853 eum
1846 805 2013 870 praedi-

227 876 314 926 &is
337 873 553 938 pluribus
579 873 744 939 legere
766 873 833 923 est
856 876 911 924 in
939 887 1087 924 tomo
1111 878 1276 941 primo
1299 877 1575 926 Germanice
1598 877 1764 927 sanCiae
1791 879 1853 927 D.
1883 879 2015 928 Mar-

227 952 274 1001 ci
299 947 510 999 Hanfizii
534 949 577 999 S.
602 950 645 1017 J.
670 946 904 1013 praecipue
925 950 1011 999 fol.
1029 966 1152 1016 552.
1207 950 1303 1000 Sed
1326 966 1487 1014 neque
1512 951 1686 1001 Paulus
1711 954 1767 1010 ΙΙ,
1793 968 1887 1002 nec
1912 952 2015 1002 suc-

227 1023 379 1075 ceffor
403 1055 418 1078 ‚
456 1023 612 1072 Sixtus
635 1024 716 1074 IV.
739 1026 1001 1087 negotium
1023 1024 1240 1075 confecit
1259 1061 1273 1084 ‚
1308 1026 1444 1089 quod
1473 1027 1671 1075 tandem
1698 1028 2015 1076 Innocentius

226 1100 432 1150 ostavus
454 1097 515 1147 ad
535 1109 758 1163 optatum
783 1095 937 1148 finem
962 1098 1164 1148 deduxit
1188 1136 1202 1158 ‚
1241 1114 1298 1149 ac
1321 1100 1638 1164 Leopoldum
1669 1098 1762 1150 rite
1794 1101 2013 1150 sancium

228 1175 348 1225 dixit
368 1188 501 1223 anno
531 1172 698 1238 1485,
740 1174 828 1236 qui
852 1184 954 1221 erat
978 1173 1039 1222 ab
1065 1173 1214 1222 obitu
1239 1175 1457 1233 ejusdem
1484 1175 1643 1224 Sandii
1679 1188 1833 1234 3491·
1872 1177 1919 1223 &
1950 1176 2012 1224 ab

228 1250 407 1314 eo,qui
432 1251 616 1312 primus
639 1248 806 1296 eidem
831 1247 1020 1296 sacrum
1046 1248 1237 1296 cultum
1260 1249 1576 1301 moliebatur,
1597 1250 1893 1298 Innocentio
1919 1250 2012 1297 sex-

227 1338 318 1382 t0‚
354 1338 508 1372 annus
551 1325 681 1379 128,
719 1323 766 1370 &
803 1321 1028 1371 Pontifex
1066 1323 1297 1371 succeflor
1329 1324 1425 1382 jam
1466 1322 1620 1372 sextus
1646 1361 1660 1380 ,
1698 1324 1744 1370 &
1777 1323 2015 1373 decimus·

225 1400 382 1450 Cuius
406 1398 613 1461 quidem
642 1412 794 1446 morae
817 1397 1341 1446 causamlnnocentius
1365 1399 1567 1447 ociavus
1587 1400 1813 1461 exprimit
1835 1399 1882 1445 in
1900 1397 2013 1446 Bul-

226 1475 274 1525 la
296 1474 712 1524 Canonizationis
735 1472 820 1520 ubi
846 1471 908 1521 fic
930 1494 939 1521 :
977 1477 1090 1521 Cum
1114 1490 1170 1521 ea
1193 1468 1250 1520 de
1273 1489 1323 1520 re
1345 1474 1422 1540 agi
1454 1484 1644 1539 coeptum
1665 1470 1760 1540 effi't
1782 1484 1925 1520 morte
1938 1477 2017 1520 ln·

227 1549 441 1601 nocentii.
499 1541 874 1615 Surgentibn'sque
900 1545 1103 1613 procellis
1139 1551 1189 1596 in
1214 1546 1402 1611 Ecclesta
1428 1551 1544 1604 Dei,
1584 1552 1753 1595 exortis
1784 1565 1922 1614 usque
1951 1541 2018 1594 ad

228 1635 433 1692 tempora
456 1622 590 1670 Pauli
615 1628 678 1670 Il.
697 1618 1012 1690 praedecqffiris
1029 1619 1164 1685 nostri
1178 1661 1189 1678 ,
1214 1619 1436 1690 inquifitio
1460 1619 1704 1690 intermffz
1727 1619 1787 1686 est
1807 1616 1892 1671 &c-

368 1697 463 1747 Sed
489 1695 593 1745 satis
618 1697 679 1745 de
702 1698 866 1759 primo
886 1696 976 1742 illo
1003 1696 1198 1742 Austriae
1215 1697 1403 1743 Coelite
1431 1697 1722 1756 Leopold0,
1758 1699 1836 1746 cui
1862 1694 2014 1760 paral-

229 1773 354 1824 lelus
380 1770 612 1821 Austriaci
645 1770 1000 1833 Septentrionis
1028 1768 1188 1818 Divus
1226 1768 1620 1830 Nepomuccnus
1641 1802 1654 1824 ‚
1692 1783 1787 1831 qua
1820 1771 2013 1818 ratione

228 1847 541 1900 consecratus
563 1843 642 1900 fit,
667 1859 801 1893 nunc
823 1844 1154 1906 expediemus,
1226 1843 1481 1906 Siquidem
1511 1842 1765 1892 Canonica
1789 1844 2013 1893 eiusdem

228 1923 290 1975 ad
328 1922 514 1971 sanCiOS
550 1920 764 1970 adleffio
797 1919 980 1983 obtigit
1016 1932 1149 1966 anno
1186 1917 1286 1980 post
1325 1918 1595 1981 gloriosum
1633 1918 1736 1976 ejus
1770 1917 2011 1967 excefl'um

234 2000 336 2067 346
353 2035 365 2055 ,
405 1998 455 2045 in
478 2011 628 2060 quam
663 1993 894 2059 postremi
925 2007 1021 2042 tres
1051 1994 1136 2041 aevi
1160 1992 1304 2040 nollri
1329 1990 1587 2040 Pontifices
1613 1992 1856 2049 Romani,
1896 1992 2012 2042 Cle-

231 2088 375 2125 mens
399 2072 489 2128 XI,
530 2086 585 2119 ac
606 2071 924 2130 Innocentius
947 2106 959 2126 ‚
1000 2069 1047 2116 ὅ(
1076 2068 1363 2116 Βεηεόίἂιιε
1386 2081 1592 2130 uterque
1617 2067 1741 2115 Xlll.
1767 2066 2012 2131 symbolas

229 2149 335 2200 suas
357 2146 641 2200 contulere,
664 2143 881 2208 namque
904 2145 1088 2208 primus
1106 2139 1480 2192 introdufflonem
1503 2138 1633 2208 cauſsa
1661 2141 1864 2207 signavit
1880 2179 1894 2199 ‚
1919 2141 2011 2204 pri-

232 2219 476 2286 mumque
491 2216 729 2287 procffzm
753 2219 1008 2284 probavit,
1037 2217 1304 2266 secundum
1327 2217 1469 2272 alter,
1495 2214 1732 2265 concessis
1755 2214 1850 2266 una
1875 2217 2012 2265 Mar·
2071 2276 2077 2281 .

233 2300 323 2363 tyri
348 2298 482 2346 Beati
510 2294 784 2344 honoribus
804 2331 820 2355 ,
856 2295 1023 2343 tertius
1046 2293 1261 2356 denique
1288 2292 1532 2356 prioribus
1559 2287 1664 2341 fato
1689 2288 1776 2340 luo
1801 2305 2010 2356 praeven-

232 2375 320 2431 tis,
358 2370 545 2420 solenni
571 2371 792 2434 Martyris
814 2370 1190 2419 canonizatione
1214 2367 1495 2417 saeculorum
1513 2404 1524 2424 ‚
1544 2367 1600 2420 ,δε
1625 2366 1760 2415 orbis
1775 2365 2010 2415 Austriaci

233 2459 351 2498 vota
374 2446 646 2494 coronavit.
720 2445 954 2509 Suprema
979 2441 1128 2509 porro
1149 2444 1218 2492 rei
1242 2442 1475 2492 confee‘tae
1499 2457 1638 2499 cura,
1662 2442 1710 2489 &
1733 2442 1892 2507 gloria
1917 2440 2009 2488 fuit

231 2518 380 2590 penes
403 2520 529 2571 duos
553 2519 759 2573 sacratos
780 2521 1008 2581 verticeS,
1037 2518 1283 2569 Carolurn
1311 2518 1394 2571 VI.
1421 2518 1770 2568 Romanorum
1799 2518 2008 2578 Impera-

1778 2602 1944 2642 torem
