2180 2833
195 89 268 156 68
347 82 350 86 ’
900 78 1289 157 Supplementum

195 212 339 272 cu'ae,
366 222 576 276 quarum
605 220 699 256 una
724 205 876 256 rubro
903 203 1046 266 fusca,
1071 209 1117 256 ὅ(
1143 207 1454 272 aliquantum
1478 207 1621 264 dura,
1643 208 1790 260 altera
1817 221 1983 263 autem

198 289 357 353 magis
384 286 645 350 nigrican8‚
678 281 724 329 &
752 279 879 331 adeo
901 283 1103 341 molli5‚
1143 294 1199 332 ut
1224 279 1382 348 digito
1408 284 1674 348 compreffa
1697 323 1707 342 ,
1750 286 1990 336 foramel-

196 363 306 411 lum
337 359 616 424 apparuerit.
699 359 822 424 Qae
857 357 1056 407 maculae
1082 358 1474 418 conjecturaliter
1500 397 1514 418 ‚
1554 359 1630 408 vel
1661 360 1721 408 ab
1758 362 1986 423 impactis

198 438 328 486 duris
352 433 529 483 istibus
546 469 558 490 ,
583 443 664 481 aut
685 433 738 481 in
765 431 981 483 violenta
1006 432 1088 483 illa
1112 434 1497 500 praecipitatione
1523 434 1582 484 ad
1607 449 1786 499 aquam
1815 449 1988 501 prove-

199 512 304 560 nire
332 508 533 558 debent.

429 581 507 633 Ad
534 580 786 646 quaesitum
815 583 1077 647 quintum,
1110 595 1162 633 ut
1188 583 1335 649 supra.

349 654 602 726 Respondit.
680 657 749 707 lta
775 658 969 719 est,hoc
992 658 1181 723 possum
1205 659 1427 717 edicere,
1447 659 1495 708 &
1518 658 1633 708 dico
1656 660 1824 725 vigore
1852 657 1879 707 ὲ
1906 673 1990 708 me

194 731 388 800 praestiti
406 734 712 802 juramenti3
751 729 890 798 qnod
917 746 1083 785 autem
1112 734 1282 800 lingua
1304 730 1605 784 miraculose
1628 735 1776 784 fuerit
1801 734 1991 782 conser-

196 822 332 869 vata,
370 810 495 858 hanc
519 809 675 858 reddo
698 811 962 860 rationem.
1021 804 1157 858 Cum
1182 810 1351 875 lingua
1378 807 1434 858 sit
1460 810 1567 858 talis
1588 824 1694 872 pars
1713 845 1726 867 ,
1755 809 1802 857 ὅ(
1830 823 1993 856 mem-

200 883 348 934 brum
374 887 592 946 corporis
618 921 631 942 ‚
665 885 801 947 quod
829 880 1065 933 facillime
1086 887 1337 948 corrumpi
1360 885 1482 934 solet
1509 906 1523 942 3
1575 883 1657 932 ista
1687 898 1793 946 pars
1823 895 1992 931 autem

199 960 299 1020 jam
325 958 448 1004 ultra
475 971 726 1006 trecentos
749 973 901 1005 annos
924 960 1204 1017 incorrupta
1229 961 1525 1022 reperiatur,
1564 956 1680 1008 ideo
1703 960 1842 1007 aliter
1867 957 1994 1013 judi-

200 1046 310 1081 care
336 1043 562 1092 nequeo,
599 1025 749 1091 quam
772 1024 907 1089 quod
931 1025 1031 1075 haec
1055 1028 1278 1084 ejusdem
1305 1033 1613 1075 conservatio
1637 1030 1689 1074 fit
1715 1033 1994 1088 supernatu-

203 1105 341 1165 raliS,
367 1106 415 1151 δε
440 1103 516 1152 vel
544 1099 608 1152 eo
633 1103 814 1166 magiS,
838 1096 957 1150 cum
982 1100 1086 1150 aliae
1112 1100 1352 1160 carnosae,
1378 1101 1425 1148 &
1452 1099 1672 1150 duriores
1695 1113 1867 1164 partes,
1880 1117 1993 1165 prae-

202 1181 368 1230 sertim
393 1190 561 1228 autem
588 1179 661 1228 Os
685 1176 859 1234 Palati,
882 1189 1112 1240 corrupta
1135 1173 1250 1234 sint,
1276 1173 1632 1240 consequenter
1655 1176 1825 1240 lingua
1848 1173 1993 1226 citius

204 1257 257 1304 in
281 1256 547 1305 cavitatem
570 1252 804 1302 Calvariae
823 1250 1080 1304 decidere,
1104 1250 1153 1299 &
1176 1252 1432 1316 corrumpi
1460 1252 1674 1315 potuerit
1687 1273 1702 1310 3
1739 1251 1992 1301 nihilomi-

205 1323 296 1379 nus
320 1343 486 1380 tamen
510 1329 793 1391 incorrupta
817 1327 967 1375 fuerit
991 1327 1286 1376 conservata,

437 1403 514 1452 Ad
537 1402 791 1468 quaefitutn
815 1402 1019 1453 sextum.

355 1474 610 1546 Respondet.
669 1479 780 1527 Hoc
801 1477 919 1527 inde
945 1473 1134 1536 judico,
1156 1476 1322 1542 primo
1347 1490 1404 1525 ex
1425 1474 1741 1540 Inscriptione
1765 1475 1903 1542 super
1927 1476 1994 1527 la-

204 1552 317 1618 pide
344 1552 635 1618 sepulchrali
661 1552 810 1608 faeta,
834 1568 986 1618 quam
1012 1552 1137 1607 vidi,
1162 1552 1208 1600 δε
1235 1551 1335 1615 legi
1360 1552 1604 1617 sequentis
1625 1553 1808 1602 tenoris
1833 1573 1844 1600 ε
1894 1552 1994 1621 Jo-

203 1629 426 1678 ANNES
449 1629 533 1676 DE
557 1628 806 1678 POMUK.
882 1624 1139 1686 Secundo,
1164 1628 1280 1692 quia
1304 1627 1401 1676 hoc
1425 1627 1582 1692 ipsum
1606 1625 1697 1684 ita,
1722 1627 1749 1675 a
1773 1642 1875 1691 quo
1889 1627 1995 1675 Pra-

208 1717 278 1766 gae
304 1701 410 1748 sum
427 1737 440 1757 ,
464 1698 647 1761 nempe
670 1702 993 1760 quadraginta
1015 1702 1168 1746 tribus
1189 1703 1324 1750 annis
1346 1700 1619 1751 constanter
1644 1702 1807 1752 audivi
1821 1733 1835 1757 ‚
1855 1698 1995 1765 quod

207 1775 293 1825 iste
316 1773 515 1823 SanEtus
549 1773 600 1820 in
632 1771 729 1819 hoc
765 1769 883 1818 loco
915 1768 1127 1832 sepultus
1159 1768 1322 1824 jaceat.
1397 1763 1572 1816 Tertio
1593 1769 1733 1830 ponit
1756 1784 1839 1818 me
1864 1783 1996 1820 extra

209 1864 366 1900 omne
390 1848 604 1896 dubium
630 1843 1004 1909 supernaturalis
1027 1840 1335 1892 conservatio
1359 1841 1589 1906 Linguae,
1630 1843 1725 1900 uti,
1754 1844 1799 1891 ὅ(
1826 1845 1918 1894 illae
1943 1847 1994 1894 in

207 1924 433 1974 Calvaria
458 1926 663 1971 inventae
688 1919 892 1969 maculae
917 1915 1066 1983 [quas
1091 1932 1189 1983 ego
1214 1915 1375 1981 digito
1399 1931 1518 1965 meo
1538 1915 1795 1981 compressi
1808 1916 1830 1985 ]
1851 1921 1896 1967 &
1912 1920 1997 1969 de-

208 1999 348 2063 super
371 1998 599 2047 foramen
621 1996 858 2061 apparuit.
932 1996 1057 2062 Qae
1080 1992 1286 2041 maculae
1311 1991 1712 2051 conjeeturaliten
1728 2008 1785 2042 ex
1803 1994 1996 2043 violen.

212 2085 258 2123 ta
282 2074 688 2139 praecipitatione,
711 2083 793 2119 aut
819 2069 924 2118 aliis
951 2069 1084 2116 duris
1107 2064 1492 2132 percussionibus
1517 2070 1772 2126 provenire
1794 2069 1997 2118 debent.

358 2149 630 2211 Chirurgus
657 2144 907 2196 Secundus
926 2144 985 2192 D.
1008 2143 1338 2192 Ferdiuandus
1365 2141 1600 2191 Schobcr.

447 2222 524 2270 Ad
552 2220 802 2284 quaefitum
827 2222 1045 2283 primum
1063 2255 1076 2277 ‚
1101 2231 1155 2268 ut
1177 2215 1328 2279 supra.
1840 2247 1850 2255 .,

370 2292 619 2364 Respondet.
697 2297 803 2361 Ego
823 2309 977 2344 vocor
996 2292 1320 2344 Ferdinandus
1340 2289 1561 2342 Schober
1581 2290 1642 2342 de
1656 2292 1994 2350 Hochenvurt,

216 2372 568 2438 quinquaginta
593 2372 734 2419 unius
761 2372 875 2419 anni
902 2370 1058 2418 senex.

447 2448 525 2495 Ad
548 2445 797 2510 quaesitum
825 2443 1090 2494 secundum
1115 2453 1168 2492 ut
1192 2441 1344 2507 supra.

370 2517 622 2590 Respondit.
679 2522 798 2569 Sum
822 2521 1001 2580 juratus
1022 2517 1321 2583 Chirurgus,
1351 2531 1501 2582 quam
1524 2515 1873 2582 professionem
1896 2517 1995 2574 jam

216 2597 392 2665 viginti
414 2598 554 2649 annis
577 2610 811 2657 exerceo,
844 2596 892 2646 ὅ(
914 2594 1142 2662 practico.
1216 2593 1338 2643 Sum
1361 2594 1412 2643 in
1439 2593 1529 2644 hac
1552 2594 1680 2645 Arce
1701 2592 1998 2656 Chirurgica

1748 2667 1810 2718 ab
1836 2665 1924 2716 hu·
