2180 2833
189 78 267 139 66
883 67 1273 142 Supplementum

193 200 406 254 modurn
426 210 602 249 ornnes
623 191 943 251 succulentae‚
967 193 1014 242 &
1037 188 1151 244 vere
1174 190 1477 258 oleoginosae
1501 192 1624 256 visu,
1643 193 1688 244 δι
1714 194 1846 247 tastu
1871 196 1976 260 lint,

195 278 358 341 Caput
383 277 431 324 in
459 274 543 322 suo
572 269 692 326 situ,
717 270 764 322 &
790 267 941 334 figura
966 284 1050 333 per
1076 268 1178 318 suas
1203 269 1446 319 vertebras
1473 268 1611 319 Colli
1639 268 1805 321 debite
1830 288 1979 322 anne-

197 367 313 404 xum
339 348 429 402 est,
465 341 823 408 solummodo,
856 340 994 410 quod
1019 359 1191 409 parum
1215 359 1381 394 versus
1405 345 1621 394 dextram
1641 358 1829 410 partem
1854 347 1983 398 obli-

197 422 292 491 que
313 419 582 486 depressum
611 421 772 471 fuerit.
828 420 1040 474 Externae
1065 420 1275 470 maxillae
1295 418 1415 468 sibi
1404 422 1624 471 invicem
1648 422 1984 472 mediantibus

197 499 427 550 dentibus
456 493 800 561 limpidissimis
824 494 1232 560 correspondent,
1253 491 1442 544 interne
1455 494 1566 545 Offa
1591 496 1735 545 Palati
1753 494 1985 546 Athmoi·

198 575 296 631 dsss,
327 572 408 622 seu
436 570 548 621 Nafi
571 586 688 622 cum
713 571 913 636 reliquis
934 571 1108 622 vicinis
1132 570 1421 633 consumpta
1448 571 1552 620 sunt
1579 570 1769 620 nonnisi
1794 572 1986 635 speciali

198 645 347 715 gratia
378 648 480 697 Dffl
510 645 570 696 fic
597 646 924 711 disponentis,
950 658 1003 695 ut
1027 644 1392 696 conservaretur
1418 646 1634 711 Lingua,
1659 660 1808 710 quam
1826 685 1838 704 ‚
1863 645 1987 711 post,

199 738 355 788 quam
378 722 541 787 Caput
564 722 850 771 involutum
877 719 1034 771 suiffet
1058 736 1175 770 cum
1201 723 1346 785 copia
1373 722 1536 771 Terrae
1567 736 1626 769 cx
1651 720 1874 771 Calvaria
1906 722 1989 770 de-

198 798 480 852 cidentem,
508 799 703 860 reperio
728 819 741 857 3
793 810 946 861 quam
968 797 1189 862 linguam
1214 792 1486 846 secundum
1512 795 1750 861 figuram,
1776 794 1989 844 substan·

200 874 351 935 tiam,
391 885 631 922 texturam
657 870 886 921 fibrosam
906 901 921 927 ‚
961 887 1058 922 nec
1079 887 1188 922 non
1209 873 1381 922 colore
1404 869 1558 921 rubro
1583 871 1792 921 naturali
1815 868 1992 920 consti-

200 958 361 995 tutam
379 981 391 998 ,
414 946 563 994 aliam
590 959 778 1004 partem
803 947 1061 1003 Corporis,
1074 947 1153 997 vel
1176 946 1308 996 aliud
1332 948 1452 1011 quid
1475 946 1817 1011 heterogennii
1843 945 1993 994 mini·

204 1034 286 1069 me
316 1015 535 1078 suspicari
566 1013 771 1078 poffum.
843 1015 902 1061 In
924 1014 1148 1063 Calvaria
1170 1021 1399 1076 praeterea
1421 1048 1436 1069 ‚
1471 1024 1516 1065 &
1540 1022 1748 1078 quidem
1774 1025 1823 1068 in
1848 1019 1995 1066 Occi-

201 1099 303 1160 pite
330 1108 386 1141 ex
412 1088 589 1138 sinistra
617 1099 749 1153 parte
773 1085 986 1137 observo
1009 1088 1258 1136 maculam
1285 1087 1535 1150 quandam
1568 1087 1909 1139 rubrofuscam
1942 1093 1994 1140 in

203 1166 546 1233 magnitudine
570 1164 800 1226 duplicati
827 1163 989 1222 aurei,
1012 1157 1161 1227 prout
1181 1162 1344 1226 aliqua
1368 1161 1562 1212 macula
1587 1160 1736 1226 paulo
1758 1162 1892 1227 supra
1913 1164 1997 1214 ali-

204 1243 417 1308 qualiter
438 1239 801 1304 subnigrican3‚
839 1250 947 1288 tota
971 1237 1169 1295 mollis,
1193 1239 1260 1287 ita
1283 1232 1338 1285 ut
1358 1252 1532 1299 parum
1556 1238 1899 1302 compressam
1922 1237 1997 1288 fo-

203 1317 469 1366 ramellum
495 1315 747 1364 deciderit.
829 1315 971 1381 Qas
996 1313 1241 1370 maculas,
1282 1308 1454 1374 prout,
1493 1313 1539 1361 ὅ(
1567 1313 1736 1372 illam,
1772 1327 1921 1376 quam
1947 1314 1997 1363 in

205 1391 409 1454 Scapula
432 1389 607 1439 sinistra
629 1389 868 1443 observo,
888 1387 1057 1446 judico
1080 1386 1326 1437 obvenisse
1350 1404 1407 1436 ex
1430 1389 1596 1452 aliqua
1620 1350 1858 1436 viol'entia
1881 1399 1999 1437 ante

206 1479 430 1516 mortem
462 1464 764 1515 introdustas
789 1502 803 1522 ,
840 1462 935 1513 five
960 1479 1019 1514 ex
1043 1462 1262 1513 allisione
1286 1463 1346 1513 ad
1368 1462 1589 1530 lapidem
1613 1464 1666 1514 in
1693 1462 1998 1527 dejectione,

207 1540 304 1594 five
329 1557 387 1592 ex
409 1540 589 1590 ictibus
612 1552 723 1590 ante
747 1540 1081 1601 dejeerionem
1101 1539 1265 1589 illatiS.

436 1615 516 1664 Ad
539 1614 791 1679 quaefitum
818 1617 1052 1679 quintum
1076 1626 1132 1664 ut
1157 1611 1303 1678 supra.

356 1685 611 1750 Respondit.
691 1689 984 1740 Poffi1m‚&
1007 1689 1153 1742 dico,
1179 1687 1346 1746 quoad
1375 1685 1723 1738 miraculosam
1747 1685 2002 1737 conserva-

208 1762 428 1815 tionem,
453 1758 500 1804 δι
523 1757 839 1805 durationem
862 1755 1076 1814 Linguae,
1089 1749 1227 1816 quod
1254 1753 1444 1816 Lingua
1469 1757 1523 1801 lit
1551 1757 1820 1803 substantiae
1844 1773 2003 1807 tener-

208 1837 359 1888 rimae
370 1833 417 1880 &
436 1826 653 1880 maxime
669 1829 976 1893 corruptioni
998 1829 1252 1885 obnoxiae·
1291 1828 1473 1877 Omnis
1493 1838 1661 1876 autem
1686 1827 1874 1894 reliqua
1895 1845 2001 1896 pars

209 1906 406 1960 carnosa
435 1905 651 1965 denfior,
674 1906 921 1963 tenacior,
944 1899 1120 1966 prout,
1145 1903 1192 1951 δε
1217 1903 1313 1967 ipsa
1335 1902 1446 1953 Offa
1471 1901 1651 1962 Palati,
1690 1899 2003 1971 aliorumque

208 1984 501 2048 consumpta
525 1983 758 2042 fuerunt,
797 1978 900 2030 haec
926 1994 1031 2030 non
1055 1977 1142 2028 nisi
1169 1974 1467 2030 miraculose
1491 1976 1770 2031 conservata
1793 1980 1891 2030 dici
1916 1995 1998 2047 po-

210 2059 314 2111 test.

447 2131 543 2182 Ad
551 2129 800 2196 quaefitum
829 2129 1015 2181 sextum
1042 2139 1096 2178 ut
1115 2127 1264 2195 supra

367 2204 620 2274 Respondit
681 2207 853 2257 Credo
874 2201 1041 2271 primo
1062 2220 1120 2254 ex
1143 2202 1459 2269 inscriptione
1484 2200 1621 2267 super
1645 2202 1807 2269 lapide
1824 2170 2003 2269 Sepul-

215 2283 362 2333 chrali
384 2314 398 2337 ,
431 2298 584 2347 quam
611 2283 737 2340 vidi,
776 2284 824 2330 δε
849 2282 951 2347 legi
974 2283 1159 2330 tenoris
1183 2279 1428 2346 sequentis
1454 2278 1534 2347 JO
1542 2280 1755 2332 ANNES
1779 2279 1864 2329 DE
1887 2279 2004 2330 1³0-

217 2358 384 2407 MUK.
460 2360 584 2406 ltem
606 2354 822 2408 secundo
846 2373 903 2407 ex
927 2355 1024 2406 fide
1049 2355 1302 2414 historica,
1328 2371 1386 2405 ex
1411 2357 1758 2405 monumentis
1782 2355 1854 2404 ibi
1877 2352 2002 2417 posi-

218 2433 304 2485 tis,
334 2434 378 2480 &
408 2432 591 2490 Cultu,
630 2435 717 2498 qui
740 2428 966 2497 quotidie
988 2429 1044 2480 fit
1066 2429 1165 2496 ipfi.
1241 2432 1366 2481 Item
1393 2429 1570 2480 existis
1593 2429 1841 2495 particulis
1864 2428 2005 2478 vesti-

216 2508 378 2556 menti
402 2510 553 2570 nigri,
579 2508 625 2555 &
647 2510 828 2558 cerulei
850 2507 1064 2570 coloris,
1089 2522 1147 2556 ex
1169 2520 1275 2571 quo
1299 2505 1632 2565 comesturam
1661 2506 1998 2571 capi0‚Sacer-

219 2582 391 2633 dotem
422 2584 495 2636 ibi
522 2582 796 2651 depositum
822 2582 976 2636 fuisse.
1047 2582 1210 2635 Tollit
1244 2581 1371 2634 mihi
1401 2593 1569 2633 autem
1599 2595 1755 2633 omne
1789 2579 2002 2630 dubium

1783 2669 1932 2707 mita·
