2180 2833
223 141 263 200 6
705 134 837 195 Vzta
871 134 920 193 S.
933 127 1168 213 Εᾒῑοιιηηίς
1189 132 1531 209 Nepomuceni

399 261 449 316 8.
487 259 748 312 Crescebat
767 259 935 309 iudies
962 259 1051 308 viri
1077 257 1521 310 sanstiauc‘toritas:
1560 260 1725 324 itaque
1739 259 2021 326 Imperatrix

231 338 422 406 Joanna
436 338 645 386 nomine
663 372 675 394 ,
710 335 1122 384 AlbertiBavariae
1140 334 1290 382 Ducis
1315 334 1651 384 &Hollandiae
1665 335 1883 386 Comitis
1907 333 2018 395 filia,

229 429 456 466 matrona
485 412 699 461 candore
735 411 918 467 animi,
949 423 1149 456 morum
1187 410 1505 465 innocentia,
1537 411 1717 473 pietate
1759 425 1816 459 ac
1845 413 2017 460 ceteris

225 493 530 556 Reginarum
558 485 817 535 virtutibus
845 481 1198 547 spectatissima,
1227 499 1335 546 quae
1355 484 1399 531 S.
1415 484 1619 551 Joannis
1644 484 1770 534 sacra
1799 485 2017 536 dictione

229 568 417 616 mirum
440 565 490 611 in
516 562 726 610 modum
755 559 1039 611 tenebatur,
1064 559 1112 606 &
1135 555 1421 607 validissime
1452 557 1511 607 ad
1535 572 1744 608 omnem
1780 560 2016 609 virtutem

229 640 418 692 incitari
447 636 491 686 se
525 635 762 686 sentiebat
786 672 799 693 ,
847 634 978 682 hunc
1013 631 1098 681 sibi
1121 633 1429 682 conscientiae
1464 633 1553 681 suae
1586 633 1850 691 arbitrum,
1883 635 2013 684 hunc

228 717 338 766 vitae
363 709 672 776 magistrum,
708 712 838 759 hunc
862 721 1049 772 patrem
1076 707 1275 771 delegit.
1353 706 1524 757 Valuit
1555 707 1615 756 ad
1656 708 1817 769 plures
1852 723 2016 757 exem-

227 790 386 856 plum.
464 786 718 851 Religiosae
741 785 968 848 Virgines
1006 786 1057 831 in
1080 782 1386 831 Parthenone
1414 782 1544 831 sacro
1568 783 1626 831 ad
1654 782 1713 831 D.
1740 783 2015 847 Georgium

228 868 281 916 in
300 865 421 913 Arce
435 859 653 926 Pragenfi
666 892 680 915 ,
697 860 744 908 ὅ(
763 860 866 922 ipsae
880 859 924 911 S,
940 858 1135 926 Joanne
1153 856 1363 906 ducente
1380 858 1426 903 ὅ(
1440 857 1655 906 docente
1679 857 1738 905 ad
1766 857 2017 906 summum

230 937 462 1004 religiosa:
476 934 788 999 perfectionis
810 934 1032 996 apicem,
1071 947 1178 980 non
1205 944 1304 980 tam
1332 929 1567 996 passibus,
1592 931 1742 995 quarn
1770 931 2019 982 volatibus

229 1016 522 1065 ferebantur.
600 1012 803 1059 Veteres
816 1008 1037 1071 qu‘aedam
1064 1008 1318 1055 memoriae
1340 1005 1523 1054 addunt
1540 1020 1558 1055 τ
1587 1007 1897 1074 S.Joannem
1915 1008 2018 1055 Me-

231 1088 534 1153 tropolitanae
559 1082 771 1132 Ecclefiae
801 1083 1060 1130 Decanutn
1101 1081 1318 1130 electum
1351 1079 1441 1130 effe
1477 1080 1576 1130 boc
1611 1094 1854 1145 tempore.
1951 1082 2019 1131 At

232 1161 349 1215 cum
377 1161 623 1224 inscriptio
637 1158 856 1222 Sepulcri
873 1157 968 1205 hoc
993 1155 1137 1204 titulo
1162 1167 1346 1213 careat,
1375 1157 1422 1203 ὅ(
1445 1155 1678 1205 meliores
1703 1156 1902 1205 codices
1918 1170 2019 1205 non

231 1237 554 1293 subscribant,
578 1233 815 1283 credibile
829 1229 921 1290 est,
946 1245 1167 1280 errorem
1194 1229 1385 1279 subesse.
1451 1230 1506 1279 Id
1528 1232 1726 1280 certius:
1752 1232 1801 1279 in
1816 1231 1860 1279 S.
1875 1231 2018 1298 Joan-

234 1330 299 1365 ne
337 1312 547 1362 sanctam
570 1306 853 1371 Pragensem
881 1304 1139 1353 Ecclesiam
1177 1304 1436 1353 oraculum
1471 1305 1726 1367 quoddam
1767 1305 2017 1360 doctrinae,

233 1402 409 1453 atque,
444 1397 499 1433 ut
533 1382 594 1432 sie
628 1382 827 1445 loquar,
860 1379 1210 1428 sententiarum
1235 1378 1521 1442 Magistrum
1558 1375 1788 1427 habuifl'e.
1865 1381 2024 1430 Tanta

235 1466 375 1516 enim
399 1472 499 1510 erat
522 1458 582 1507 de
603 1459 694 1505 viri
717 1457 892 1504 virtute
926 1455 972 1501 &
1006 1450 1231 1517 sapientia
1258 1454 1386 1516 apud
1413 1467 1590 1502 omnes
1617 1453 1934 1511 existimatio,
1968 1467 2023 1504 ut

236 1535 480 1606 quidquid
503 1534 548 1583 S.
570 1534 783 1602 Joannes
813 1528 1060 1579 consultus
1091 1526 1341 1582 statuiffet,
1377 1528 1426 1576 id
1454 1540 1610 1591 partes
1636 1528 1768 1577 velut
1788 1530 2024 1593 aequitatis

236 1616 444 1682 plenum
482 1609 771 1674 probarent,
807 1620 861 1653 ac
895 1603 992 1651 fine
1025 1603 1417 1651 contradictione
1452 1603 1778 1666 sequerentur.
1856 1605 2025 1666 Atque

240 1692 341 1749 ejus
366 1688 434 1736 rei
460 1696 646 1734 veteres
669 1679 871 1745 quidam
899 1677 1094 1727 codices
1118 1677 1300 1726 faciunt
1322 1675 1498 1732 fidem,
1523 1677 1608 1725 ubi
1643 1678 1696 1725 in
1718 1675 1866 1726 caufis
1899 1676 2023 1727 diffi-

238 1763 441 1815 cillimis
468 1798 480 1818 ,
528 1773 633 1822 quae
667 1771 752 1820 per
790 1753 1048 1803 sententias
1072 1753 1307 1820 Judicum
1343 1752 1428 1799 diu
1467 1749 1594 1798 finiri
1630 1766 1735 1799 non
1772 1764 2025 1812 poterant,

241 1841 459 1910 Joanncs
478 1836 870 1897 Nepornucenus
896 1827 1056 1877 senior
1089 1828 1234 1886 (narn
1260 1826 1380 1874 alter
1402 1826 1618 1893 Joannes
1634 1824 1824 1874 Pomul(
1845 1826 2025 1876 Decre-

243 1929 411 1965 torum
441 1910 655 1964 Doctor,
689 1904 973 1955 Canonicus
997 1899 1402 1951 Wissehradenfis
1427 1901 1471 1947 ὅ(
1492 1898 1916 1950 Archidioeceseos
1944 1904 2027 1952 Vi-

243 1990 400 2041 carius
426 1982 700 2040 Generalis,
731 1975 946 2044 primum
975 1977 1078 2040 post
1110 1977 1155 2026 S.
1179 1978 1379 2045 Joannis
1405 1987 1621 2024 mortem
1647 1973 1822 2024 florere
1847 1978 2027 2039 coepit,

244 2063 349 2129 post
370 2075 555 2110 annum
581 2049 1026 2117 M.CCC.XCV1.)
1050 2051 1235 2108 noster,
1271 2052 1501 2114 inquam,
1525 2049 1797 2116 §joannes
1822 2052 2027 2109 arbiter,

247 2153 397 2203 atque
427 2149 480 2185 ut
512 2135 583 2183 illi
610 2135 909 2195 loquuntur,
940 2127 1162 2176 laudator
1193 2127 1412 2189 eligitur,
1452 2125 1602 2187 idque
1628 2124 1829 2173 Beatum
1866 2128 2026 2174 virum

320 2212 499 2263 fiducia
522 2209 748 2257 d0&rinae
781 2207 825 2252 ὃ(
861 2205 988 2268 pacis
1014 2217 1184 2251 amore
1211 2201 1370 2263 saepius
1396 2198 1634 2262 suscepisse
1661 2236 1677 2260 ,
1726 2214 1781 2248 ac
1802 2197 1956 2250 libere

514 2279 866 2350 pronuntiasse,
900 2294 957 2327 ex
983 2277 1230 2326 sententiis
1256 2273 1391 2339 ipfiS,
1429 2271 1764 2339 quae‘recitan-

492 2364 500 2370 ”
898 2366 1004 2414 tur,
1033 2352 1397 2419 cognoscimuS.

1852 2616 2036 2702 CA-
