2180 2833
286 122 360 170 10
779 100 905 164 Vita
934 94 1053 182 SU
1056 103 1225 160 oannis
1248 100 1595 178 Nepomuceni

287 235 493 302 plicare,
533 229 702 280 silentii
729 227 1073 280 sacrosanstam
1100 229 1265 294 legem
1293 229 1559 284 extollere,
1583 245 1750 295 poenas
1776 236 2074 300 temporales
2164 215 2173 221 ”

288 314 338 361 ὅ(
360 307 677 372 sempiternas
696 306 776 363 iis,
801 307 885 370 qui
907 306 1148 355 secretum
1173 317 1274 353 non
1300 308 1570 364 tenuerint,
1611 320 1792 371 paratas
1820 323 2076 376 exaggera-

288 399 375 448 τες
413 384 628 446 denique
652 381 844 445 Regem
874 394 1107 438 monere,
1131 377 1390 428 abstineret
1411 381 1689 445 captandiS,
1718 399 1821 448 quae
1850 389 1935 434 uni
1961 386 2075 435 Deo

253 456 270 465 '⁷
289 456 631 526 cognoscenda
646 455 916 514 servantur3
951 452 1048 504 fine
1071 454 1338 519 Sacrilegio
1361 454 1475 504 talia
1499 458 1672 506 tentari
1698 473 1802 508 non
1829 460 1987 524 poffe3
2021 461 2074 510 in

289 534 466 587 ceteris
494 530 738 581 omnibus
762 530 910 595 Regis
929 530 1134 595 imperia
1168 529 1372 579 adorare
1401 527 1468 590 se,
1495 543 1651 581 unum
1676 531 1775 583 hoc
1797 533 2073 598 deprecari,

289 608 428 675 quod
452 605 486 655 si
507 606 648 655 mille
675 616 862 655 mortes
884 604 1142 655 subeundae
1165 603 1339 660 effent,
1364 619 1469 654 non
1493 605 1689 657 faceret.
1764 609 1868 658 Rex
1890 610 2077 659 iracun-

292 687 373 736 dia
394 682 596 735 ardens,
626 679 724 730 fine
749 695 890 730 mora
914 678 1195 730 carnificem
1228 679 1405 744 (quem
1432 679 1622 746 semper
1655 682 1868 733 habebat
1888 684 1947 732 ad
1976 698 2076 734 ma-

292 774 444 817 num,
483 757 530 806 &
556 757 803 821 patrinum
827 770 914 820 per
936 755 1137 805 delicias
1164 754 1473 820 appellabat)
1510 771 1626 806 curn
1651 758 1793 807 sociis
1824 757 1978 808 adesse
2006 759 2077 817 iu-

292 837 409 886 bet:
444 831 472 881 a
493 831 675 896 quibus
700 833 748 880 in
769 844 1015 880 carcerem
1040 829 1216 880 traCtus
1238 827 1564 881 crudelissime
1585 834 1638 881 in
1661 831 1832 882 catasta
1850 831 1967 893 jussu
1983 833 2076 882 Re-

291 912 370 978 gis
395 906 697 960 extenditur,
725 906 771 953 &
796 905 990 954 facibus
1012 906 1228 955 admotis
1253 916 1528 969 torquetur.
1600 906 1818 957 Adfuiss'e
1841 907 2078 972 supplicio

290 983 533 1037 Caesarem
562 980 673 1041 (etfi
696 978 999 1029 idanemine
1022 979 1258 1029 traditum
1279 978 1523 1046 legerim)
1543 992 1706 1031 cetera
1729 984 1832 1041 ejus
1857 983 1950 1032 vita
1968 996 2077 1046 pro-

292 1059 511 1111 babilem
540 1055 874 1115 coniecturam
899 1054 1015 1104 facit
1038 1076 1052 1113 3
1107 1050 1242 1118 quod
1271 1054 1516 1113 ejusmodi
1541 1054 1819 1118 speC’fflculis
1841 1056 2078 1105 oblectari

291 1138 339 1186 &
362 1133 539 1184 oculos
563 1130 753 1196 pascere
776 1129 975 1179 solitum
992 1129 1302 1194 accepimus,
1322 1139 1433 1178 turn
1460 1129 1607 1179 etiam
1632 1126 1771 1194 quod
1795 1127 1893 1179 fine
1916 1129 2078 1180 dubio

289 1211 501 1277 speraret
521 1208 575 1256 in
597 1205 861 1255 tormentis
884 1204 1165 1254 auditurum
1200 1201 1246 1252 se
1272 1202 1471 1253 tandem
1487 1241 1500 1263 ,
1533 1218 1642 1267 quae
1664 1218 1941 1268 numquam
1966 1201 2080 1253 ante

290 1288 508 1357 Joannes
533 1283 582 1331 in
609 1280 865 1345 publicum
902 1275 1077 1328 efferre
1108 1277 1346 1327 voluisset.
1421 1278 1490 1327 At
1516 1280 1588 1327 vir
1607 1277 1807 1327 Sanctus
1830 1279 1877 1326 ὅ(
1900 1277 2079 1328 Christi

290 1363 501 1423 Martyr,
520 1354 749 1405 abstracta
780 1365 1025 1418 quantum
1050 1352 1192 1401 licuit
1228 1350 1254 1398 ὲ
1281 1350 1523 1415 suppliciis
1548 1350 1858 1414 praesentibus
1883 1363 2078 1413 mente,

290 1436 418 1489 sacra
443 1431 591 1502 JESU
615 1431 662 1478 δε
684 1429 847 1479 Mariae
879 1428 1086 1477 nomina
1109 1428 1451 1492 ingeminans,
1490 1425 1686 1475 nullum
1712 1425 1844 1476 aliud
1869 1427 2078 1477 verbum

290 1510 609 1579 prolocutuS,
625 1505 828 1554 dolores
852 1518 1031 1553 omnes
1051 1501 1185 1556 suos,
1204 1502 1359 1551 vitam
1383 1501 1429 1549 ὃ(
1453 1513 1670 1550 mortem
1687 1501 1916 1551 Domino
1940 1516 2078 1550 corn-

293 1579 582 1639 mendabat.
660 1578 800 1629 Nihil
824 1577 910 1628 fibi
935 1577 1199 1643 diligentiae
1224 1575 1282 1625 ad
1298 1574 1543 1624 summam
1558 1575 1803 1624 diritatem
1826 1575 2078 1639 reliquum

291 1655 454 1714 fecere
488 1656 678 1707 cruenti
714 1650 966 1703 carnifices
989 1689 1002 1710 ‚
1051 1650 1306 1716 praesertim
1342 1650 1536 1699 Caesaris
1570 1661 1774 1715 urgente
1808 1650 2076 1713 praesentia:

292 1736 462 1789 omnis
483 1744 651 1781 tamen
674 1729 757 1778 illa
777 1725 1054 1778 carnificina
1079 1727 1204 1775 intra
1224 1725 1488 1793 S.Joapnis
1510 1726 1793 1787 patientiam
1819 1724 1924 1773 fuit.
1977 1726 2078 1774 De·

294 1815 451 1877 nique
474 1802 590 1857 cum
614 1802 909 1870 proficerent
932 1800 1249 1851 nihilCaesare
1269 1799 1373 1864 ipso
1396 1799 1636 1851 abeunte,
1658 1796 1759 1848 feffi
1784 1798 1831 1845 δε
1855 1797 1967 1847 visti
1992 1798 2078 1848 de-

292 1886 483 1943 sistunt,
506 1896 562 1931 ac
586 1881 647 1930 de
668 1876 841 1929 catasta
858 1875 1136 1941 depofitum
1160 1873 1401 1925 deserunt.
1478 1866 1683 1926 Veteres
1704 1872 1902 1922 codices
1927 1874 2078 1924 coele-

292 1961 349 2014 sti
370 1956 709 2011 consolatione
733 1964 1009 2003 recreatum
1022 1952 1266 2020 Joannem
1292 1949 1516 1999 tradunt:
1554 1959 1602 1998 at
1627 1948 1783 2013 qualis
1794 1963 1848 1997 ea
1862 1947 2079 1999 consola-

293 2039 370 2088 tio
395 2034 568 2089 fuerit,
608 2045 668 2080 an
695 2030 888 2078 interna
918 2025 1144 2091 quaedam
1179 2026 1238 2075 ad
1260 2026 1485 2074 animum
1518 2022 1750 2072 divinitus
1775 2022 1936 2085 illapsa
1960 2060 1975 2083 ,
2014 2037 2076 2073 an

292 2113 445 2162 etiarn
480 2118 704 2163 externa,
747 2119 805 2154 ex
830 2102 1103 2152 sanctorum
1131 2101 1442 2165 Angelorum
1466 2098 1759 2162 colloquio,
1789 2094 1951 2147 aliove
1975 2112 2073 2147 coe-

291 2185 395 2237 lesti
421 2181 612 2247 aspectu
635 2179 715 2241 (ut
737 2178 853 2242 saepe
879 2177 985 2227 aliis
1010 2177 1121 2227 viris
1143 2175 1311 2227 sanstis
1335 2174 1532 2226 evenire
1555 2168 1608 2222 in
1633 2187 1811 2223 eorum
1837 2170 1979 2239 gestis
2009 2173 2076 2222 le·

293 2258 488 2329 gimus)
509 2270 616 2305 non
641 2253 997 2318 explicuerunt.

469 2348 489 2381 1
505 2341 567 2396 3„
583 2328 690 2379 Post
715 2328 814 2378 haec
836 2329 1129 2392 Imperator,
1168 2322 1264 2375 five
1289 2338 1354 2373 ne
1378 2336 1473 2388 qua
1497 2337 1570 2373 res
1594 2332 1847 2373 emanaret
1870 2320 2077 2377 veritus,

295 2408 391 2461 five
414 2405 726 2469 Imperatrice
751 2414 954 2468 agente3
996 2417 1104 2465 quae
1126 2397 1330 2450 fortaffis
1354 2399 1556 2448 beatum
1584 2399 1746 2448 virum
1781 2397 1975 2445 attineri
2007 2397 2078 2445 in-

296 2482 538 2537 audierat,
560 2493 711 2543 quem
735 2477 831 2542 ipsa
855 2478 994 2542 patris
1014 2477 1132 2525 loco
1148 2474 1384 2532 habebat3
1404 2474 1652 2543 Joannem
1674 2472 1895 2522 dimittit.
1928 2471 2077 2539 Joan-

296 2573 411 2620 nes,
436 2553 570 2623 quasi
592 2552 714 2605 nihil
734 2553 915 2616 injuriae
939 2550 1115 2618 passus,
1135 2564 1313 2601 omnes
1334 2549 1451 2599 illos
1471 2547 1669 2598 dolores
1692 2547 1740 2596 &
1763 2547 2004 2598 cruciatus
2024 2543 2078 2594 fi-

1900 2619 2000 2670 len·

489 2702 519 2734 a
