2180 2833
221 149 296 215 30
646 127 834 188 Oratio
867 126 940 185 ad
955 122 1006 185 S.
1019 119 1287 206 eJoannem
1311 127 1592 201 Nepomuc.

221 253 482 352 populo
509 248 602 335 ad.
625 246 1030 318 Cathedrale
1060 247 1392 338 templum
1434 248 1831 339 deportatus
1876 253 2012 322 fui-

146 409 155 415 .
223 358 331 429 sti3
364 351 478 417 ubi
508 365 717 432 usque
751 340 990 418 hodie,
1019 349 1132 431 qui
1162 358 1359 408 tuum
1389 344 1760 433 sepulcrum
1792 350 2009 415 exho-

223 457 469 517 norat,
519 438 697 526 vulgi
740 435 1105 504 infamiam
1133 437 1423 524 effugere
1455 460 1606 504 non
1637 438 1825 508 solet.
1898 443 2012 510 Tu

225 549 408 611 enim
437 531 917 602 admirandam
935 586 954 611 ,
982 529 1359 597 inauditam
1378 585 1396 609 ,
1425 551 1504 596 ac
1531 533 2012 623 sempiternam

226 634 640 704 memoriam
686 625 919 692 secreti
966 624 1532 713 exomologeseos
1581 628 1817 696 tuendi
1867 632 2014 720 post

227 747 294 799 te
324 723 656 811 reliquisti.
755 721 881 787 Per
917 719 1063 786 haec
1091 733 1210 786 tua
1244 727 1487 786 merita
1529 719 1592 786 &
1627 718 1813 788 dona
1845 723 2012 791 divi-

228 831 409 894 nitus
433 818 559 884 tibi
574 815 910 892 concessa,
940 835 1302 904 precamur
1326 813 1708 903 suppliciter
1737 838 1815 883 ac
1844 818 2016 885 fidu-

231 914 520 989 cialiter,
572 906 752 999 apud
786 906 1367 997 Omnipotentem
1407 908 1639 974 Deum
1691 930 1844 975 eam·
1886 917 2017 977 im-

233 1024 425 1105 petra
465 1004 664 1070 nobis
707 1008 1001 1088 gratiam
1038 1052 1055 1076 ,
1111 1015 1186 1067 ut
1229 1007 1328 1065 ira
1372 1002 1510 1083 ejus
1555 1004 2019 1091 conquiescat,

237 1115 678 1199 peccatorum
712 1115 944 1184 poenas
965 1143 984 1168 ,
1013 1099 1109 1159 uti
1137 1096 1383 1183 pestem
1402 1147 1421 1172 ,
1445 1091 2020 1174 bellum,famem,

237 1188 527 1284 aliasque
558 1206 702 1256 tam
734 1193 1048 1277 corporis
1075 1179 1282 1277 quam
1310 1193 1595 1267 animae,
1628 1188 1860 1277 plagas
1891 1192 2020 1258 cle-

236 1304 506 1362 menter
536 1296 830 1359 avertat,
866 1281 929 1347 &
971 1294 1046 1346 ut
1079 1302 1209 1346 nos
1243 1294 1401 1346 ante
1434 1282 1700 1346 obitum
1739 1286 2021 1350 confite-

239 1394 332 1466 ri,
369 1403 494 1474 pro
533 1381 819 1465 peccatis
860 1374 1268 1451 satisfacere,
1308 1395 1519 1441 omne
1550 1376 1927 1464 periculum
1960 1378 2023 1445 ὅς

240 1479 440 1548 seculi
464 1470 769 1549 dedecus,
806 1461 1308 1557 hominumque
1346 1465 1740 1536 scandalum
1772 1471 2027 1555 effuge-

242 1598 348 1654 re,
377 1572 532 1640 Deo
566 1565 825 1656 placere
855 1564 918 1629 &
952 1560 1331 1640 adhaerere,
1358 1568 1575 1628 vitam
1603 1554 2027 1632 laudabiliter

246 1657 674 1738 concludere,
695 1660 756 1724 &
784 1656 867 1723 ad
898 1663 1108 1722 vitam
1140 1671 1481 1745 aeternam
1503 1663 1848 1744 pervenire
1876 1658 2029 1747 pos.

341 1763 560 1828 slmUS.
660 1750 1023 1832 Pei-jesum
1052 1747 1392 1813 Christum
1426 1749 1823 1815 Dominum
1857 1771 1935 1818 ac

593 1844 1013 1914 Salvatorem
1034 1842 1102 1908 N
1116 1841 1395 1906 ostrum.
1447 1844 1689 1908 Amen.
